<marc:collection xmlns:marc="http://www.loc.gov/MARC21/slim"><marc:record>
  <marc:leader>     cam a22      i 4500</marc:leader>
  <marc:controlfield tag="001">20435748</marc:controlfield>
  <marc:controlfield tag="003">DLC</marc:controlfield>
  <marc:controlfield tag="005">20210112185254.0</marc:controlfield>
  <marc:controlfield tag="008">171008s2016    is            00| | heb |</marc:controlfield>
  <marc:datafield tag="010" ind1=" " ind2=" ">
    <marc:subfield code="a">  2018392253</marc:subfield>
  </marc:datafield>
  <marc:datafield tag="035" ind1=" " ind2=" ">
    <marc:subfield code="a">(IsJeAIW)wb2018425177</marc:subfield>
  </marc:datafield>
  <marc:datafield tag="040" ind1=" " ind2=" ">
    <marc:subfield code="e">isbd</marc:subfield>
  </marc:datafield>
  <marc:datafield tag="042" ind1=" " ind2=" ">
    <marc:subfield code="a">pcc</marc:subfield>
  </marc:datafield>
  <marc:datafield tag="050" ind1=" " ind2="0">
    <marc:subfield code="a">BM198.54</marc:subfield>
  </marc:datafield>
  <marc:datafield tag="100" ind1="1" ind2=" ">
    <marc:subfield code="a">Ashkenazi, Yosef, author of Otsar ha-&#7717;asidim</marc:subfield>
    <marc:subfield code="e">Author</marc:subfield>
    <marc:subfield code="0">http://id.loc.gov/authorities/names/n2018063012</marc:subfield>
    <marc:subfield code="4">http://id.loc.gov/vocabulary/relators/aut</marc:subfield>
  </marc:datafield>
  <marc:datafield tag="240" ind1="1" ind2="0">
    <marc:subfield code="a">Rav Mordekhai Shemu&#700;el Ashkenazi</marc:subfield>
  </marc:datafield>
  <marc:datafield tag="245" xml:lang="he-hebr" ind1="1" ind2="0">
    <marc:subfield code="a">&#1492;&#1512;&#1489; &#1502;&#1512;&#1491;&#1499;&#1497; &#1513;&#1502;&#1493;&#1488;&#1500; &#1488;&#1513;&#1499;&#1504;&#1494;&#1497;</marc:subfield>
    <marc:subfield code="b">&#1497;&#1495;&#1497;&#1491;&#1493;&#1497;&#1493;&#1514;, &#1492;&#1514;&#1493;&#1493;&#1506;&#1491;&#1493;&#1497;&#1493;&#1514; &#1493;&#1490;&#1497;&#1500;&#1493;&#1497;&#1497;&#1501; &#1502;&#1512;&#1514;&#1511;&#1497;&#1501; &#1493;&#1492;&#1497;&#1505;&#1496;&#1493;&#1512;&#1497;&#1497;&#1501; &#1488;&#1493;&#1491;&#1493;&#1514; &#1489;&#1497;&#1514; &#1512;&#1489;&#1497; &#1493;&#1495;&#1505;&#1497;&#1491;&#1493;&#1514; &#1495;&#1489;&#1524;&#1491;</marc:subfield>
    <marc:subfield code="c">&#8207;&#1506;&#1493;&#1512;&#1498; &#1492;&#1512;&#1489; &#1497;&#1493;&#1505;&#1507; &#1488;&#1513;&#1499;&#1504;&#1494;&#1497;</marc:subfield>
  </marc:datafield>
  <marc:datafield tag="246" xml:lang="he-hebr" ind1="1" ind2=" ">
    <marc:subfield code="a">&#8207;&#1512;&#1489; &#1488;&#1513;&#1499;&#1504;&#1494;&#1497;</marc:subfield>
  </marc:datafield>
  <marc:datafield tag="264" ind1=" " ind2="1">
    <marc:subfield code="a">http://id.loc.gov/vocabulary/countries/is</marc:subfield>
    <marc:subfield code="c">2016</marc:subfield>
  </marc:datafield>
  <marc:datafield tag="300" ind1=" " ind2=" ">
    <marc:subfield code="a">833 pages</marc:subfield>
    <marc:subfield code="c">25 cm</marc:subfield>
  </marc:datafield>
  <marc:datafield tag="336" ind1=" " ind2=" ">
    <marc:subfield code="a">text</marc:subfield>
    <marc:subfield code="0">http://id.loc.gov/vocabulary/contentTypes/txt</marc:subfield>
  </marc:datafield>
  <marc:datafield tag="337" ind1=" " ind2=" ">
    <marc:subfield code="a">unmediated</marc:subfield>
    <marc:subfield code="0">http://id.loc.gov/vocabulary/mediaTypes/n</marc:subfield>
  </marc:datafield>
  <marc:datafield tag="338" ind1=" " ind2=" ">
    <marc:subfield code="a">volume</marc:subfield>
    <marc:subfield code="0">http://id.loc.gov/vocabulary/carriers/nc</marc:subfield>
  </marc:datafield>
  <marc:datafield tag="500" xml:lang="he-hebr" ind1=" " ind2=" ">
    <marc:subfield code="a">&#1506;&#1500;&#1470;&#1508;&#1497; &#1506;&#1491;&#1493;&#1497;&#1493;&#1514;&#1497;&#1493; &#1493;&#1508;&#1506;&#1493;&#1500;&#1493;&#1514;&#1497;&#1493; &#1513;&#1500; &#1492;&#1490;&#1492;"&#1495; &#1492;&#1512;&#1489; &#1502;&#1512;&#1491;&#1499;&#1497; &#1513;&#1502;&#1493;&#1488;&#1500; &#1488;&#1513;&#1499;&#1504;&#1494;&#1497;, &#1506;"&#1492;, &#1502;&#1512;&#1488; &#1491;&#1488;&#1514;&#1512;&#1488; &#1491;&#1499;&#1508;&#1512;-&#1495;&#1489;"&#1491;</marc:subfield>
  </marc:datafield>
  <marc:datafield tag="525" ind1=" " ind2=" ">
    <marc:subfield code="a">bibliography</marc:subfield>
  </marc:datafield>
  <marc:datafield tag="525" ind1=" " ind2=" ">
    <marc:subfield code="a">Includes bibliographical references (pages 717-814) and index</marc:subfield>
  </marc:datafield>
  <marc:datafield tag="525" ind1=" " ind2=" ">
    <marc:subfield code="a">index</marc:subfield>
  </marc:datafield>
  <marc:datafield tag="651" ind1=" " ind2="4">
    <marc:subfield code="a">Kefar &#7716;abad (Israel)</marc:subfield>
    <marc:subfield code="0">http://id.loc.gov/authorities/names/nr90014018</marc:subfield>
    <marc:subfield code="v">Biography</marc:subfield>
    <marc:subfield code="0">http://id.loc.gov/authorities/subjects/sh99001237</marc:subfield>
  </marc:datafield>
  <marc:datafield tag="650" ind1=" " ind2="4">
    <marc:subfield code="a">Rabbis</marc:subfield>
    <marc:subfield code="0">http://id.loc.gov/authorities/subjects/sh85110190</marc:subfield>
    <marc:subfield code="0">http://id.loc.gov/authorities/names/nr90014018</marc:subfield>
    <marc:subfield code="0">http://id.loc.gov/authorities/subjects/sh99001237</marc:subfield>
  </marc:datafield>
  <marc:datafield tag="650" ind1=" " ind2="4">
    <marc:subfield code="a">Habad</marc:subfield>
    <marc:subfield code="0">http://id.loc.gov/authorities/subjects/sh85058147</marc:subfield>
    <marc:subfield code="z">Israel</marc:subfield>
    <marc:subfield code="0">http://id.loc.gov/authorities/names/n79003285</marc:subfield>
    <marc:subfield code="0">http://id.loc.gov/authorities/subjects/sh99001237</marc:subfield>
  </marc:datafield>
  <marc:datafield tag="650" ind1=" " ind2="4">
    <marc:subfield code="a">Ashkenazi, Mordekhai Shemu&#700;el</marc:subfield>
    <marc:subfield code="0">http://id.loc.gov/authorities/names/nr92008102</marc:subfield>
  </marc:datafield>
  <marc:datafield tag="650" ind1=" " ind2="4">
    <marc:subfield code="a">Schneerson, Menachem Mendel, 1902-1994</marc:subfield>
    <marc:subfield code="0">http://id.loc.gov/authorities/names/n82012240</marc:subfield>
    <marc:subfield code="v">Anecdotes</marc:subfield>
    <marc:subfield code="0">http://id.loc.gov/authorities/subjects/sh99001294</marc:subfield>
  </marc:datafield>
  <marc:datafield tag="752" ind1=" " ind2=" ">
    <marc:subfield code="a">Israel</marc:subfield>
    <marc:subfield code="d">Kefar &#7716;abad</marc:subfield>
  </marc:datafield>
  <marc:datafield tag="884" ind1=" " ind2=" ">
    <marc:subfield code="a">DLC bibframe2marc v1.1.0-SNAPSHOT</marc:subfield>
    <marc:subfield code="g">20210113160900.0</marc:subfield>
    <marc:subfield code="q">DLC</marc:subfield>
    <marc:subfield code="u">https://github.com/lcnetdev/bibframe2marc</marc:subfield>
  </marc:datafield>
</marc:record>