<marc:record>
  <marc:leader>     nam a22     5u 4500</marc:leader>
  <marc:controlfield tag="001">e138680146147233847719842726728423506919</marc:controlfield>
  <marc:controlfield tag="003">DLC</marc:controlfield>
  <marc:controlfield tag="005">20210112174323.0</marc:controlfield>
  <marc:controlfield tag="008">210112s2019    xx a          001 | eng |</marc:controlfield>
  <marc:datafield tag="010" ind1=" " ind2=" ">
    <marc:subfield code="a">2019275158</marc:subfield>
  </marc:datafield>
  <marc:datafield tag="020" ind1=" " ind2=" ">
    <marc:subfield code="a">9789538014277</marc:subfield>
    <marc:subfield code="q">Hrvatsko katoli&#269;ko sveu&#269;ili&#353;te</marc:subfield>
  </marc:datafield>
  <marc:datafield tag="020" ind1=" " ind2=" ">
    <marc:subfield code="a">9789531111980</marc:subfield>
    <marc:subfield code="q">Kr&#353;&#263;anska sada&#353;njost</marc:subfield>
  </marc:datafield>
  <marc:datafield tag="042" ind1=" " ind2=" ">
    <marc:subfield code="a">pcc</marc:subfield>
  </marc:datafield>
  <marc:datafield tag="043" ind1=" " ind2=" ">
    <marc:subfield code="a">e-ci---</marc:subfield>
  </marc:datafield>
  <marc:datafield tag="050" ind1=" " ind2="0">
    <marc:subfield code="a">BX4705.S823</marc:subfield>
  </marc:datafield>
  <marc:datafield tag="100" ind1="1" ind2=" ">
    <marc:subfield code="a">Gitman, Esther.</marc:subfield>
    <marc:subfield code="0">https://id.loc.gov/authorities/names/no2008024832</marc:subfield>
    <marc:subfield code="4">http://id.loc.gov/vocabulary/relators/ctb</marc:subfield>
  </marc:datafield>
  <marc:datafield tag="245" ind1="1" ind2="0">
    <marc:subfield code="a">Alojzije Stepinac</marc:subfield>
    <marc:subfield code="b">pillar of human rights</marc:subfield>
    <marc:subfield code="c">Esther Gitman</marc:subfield>
  </marc:datafield>
  <marc:datafield tag="264" ind1=" " ind2="1">
    <marc:subfield code="a">Zagreb</marc:subfield>
    <marc:subfield code="c">2019</marc:subfield>
  </marc:datafield>
  <marc:datafield tag="300" ind1=" " ind2=" ">
    <marc:subfield code="a">363 pages</marc:subfield>
    <marc:subfield code="c">23 cm</marc:subfield>
  </marc:datafield>
  <marc:datafield tag="336" ind1=" " ind2=" ">
    <marc:subfield code="a">text</marc:subfield>
    <marc:subfield code="0">http://id.loc.gov/vocabulary/contentTypes/txt</marc:subfield>
  </marc:datafield>
  <marc:datafield tag="337" ind1=" " ind2=" ">
    <marc:subfield code="a">unmediated</marc:subfield>
    <marc:subfield code="0">http://id.loc.gov/vocabulary/mediaTypes/n</marc:subfield>
  </marc:datafield>
  <marc:datafield tag="338" ind1=" " ind2=" ">
    <marc:subfield code="a">volume</marc:subfield>
    <marc:subfield code="0">http://id.loc.gov/vocabulary/carriers/nc</marc:subfield>
  </marc:datafield>
  <marc:datafield tag="340" ind1=" " ind2=" ">
    <marc:subfield code="g">mixed color</marc:subfield>
    <marc:subfield code="0">http://id.loc.gov/vocabulary/mcolor/mix</marc:subfield>
  </marc:datafield>
  <marc:datafield tag="525" ind1=" " ind2=" ">
    <marc:subfield code="a">bibliography</marc:subfield>
  </marc:datafield>
  <marc:datafield tag="525" ind1=" " ind2=" ">
    <marc:subfield code="a">index</marc:subfield>
  </marc:datafield>
  <marc:datafield tag="650" ind1=" " ind2="4">
    <marc:subfield code="a">Catholic Church</marc:subfield>
    <marc:subfield code="0">http://id.loc.gov/authorities/subjects/sh85021043</marc:subfield>
    <marc:subfield code="x">Clergy</marc:subfield>
    <marc:subfield code="0">http://id.loc.gov/authorities/subjects/sh99004982</marc:subfield>
    <marc:subfield code="v">Biography</marc:subfield>
    <marc:subfield code="0">http://id.loc.gov/authorities/subjects/sh99001237</marc:subfield>
  </marc:datafield>
  <marc:datafield tag="650" ind1=" " ind2="4">
    <marc:subfield code="a">World War, 1939-1945--Croatia</marc:subfield>
    <marc:subfield code="0">http://id.loc.gov/authorities/subjects/sh2008113920</marc:subfield>
  </marc:datafield>
  <marc:datafield tag="651" ind1=" " ind2="4">
    <marc:subfield code="a">Croatia</marc:subfield>
    <marc:subfield code="0">http://id.loc.gov/authorities/names/n81035140</marc:subfield>
    <marc:subfield code="x">History</marc:subfield>
    <marc:subfield code="0">http://id.loc.gov/authorities/subjects/sh85061212</marc:subfield>
    <marc:subfield code="y">1918-1945</marc:subfield>
  </marc:datafield>
  <marc:datafield tag="650" ind1=" " ind2="4">
    <marc:subfield code="a">World War, 1939-1945--Jews--Rescue</marc:subfield>
    <marc:subfield code="0">http://id.loc.gov/authorities/subjects/sh85148429</marc:subfield>
    <marc:subfield code="0">http://id.loc.gov/authorities/names/n81035140</marc:subfield>
  </marc:datafield>
  <marc:datafield tag="650" ind1=" " ind2="4">
    <marc:subfield code="a">Stepinac, Alojzije, 1898-1960</marc:subfield>
    <marc:subfield code="0">http://id.loc.gov/authorities/names/n81127015</marc:subfield>
  </marc:datafield>
  <marc:datafield tag="650" ind1=" " ind2="4">
    <marc:subfield code="a">Holocaust, Jewish (1939-1945)</marc:subfield>
    <marc:subfield code="0">http://id.loc.gov/authorities/subjects/sh85061515</marc:subfield>
    <marc:subfield code="0">http://id.loc.gov/authorities/names/n81035140</marc:subfield>
  </marc:datafield>
  <marc:datafield tag="650" ind1=" " ind2="4">
    <marc:subfield code="a">Cardinals</marc:subfield>
    <marc:subfield code="0">http://id.loc.gov/authorities/subjects/sh85020199</marc:subfield>
    <marc:subfield code="0">http://id.loc.gov/authorities/names/n81035140</marc:subfield>
    <marc:subfield code="0">http://id.loc.gov/authorities/subjects/sh99001237</marc:subfield>
  </marc:datafield>
  <marc:datafield tag="650" ind1=" " ind2="4">
    <marc:subfield code="0">http://id.loc.gov/authorities/names/n81127015</marc:subfield>
    <marc:subfield code="x">Trials, litigation, etc</marc:subfield>
    <marc:subfield code="0">http://id.loc.gov/authorities/subjects/sh99002033</marc:subfield>
  </marc:datafield>
  <marc:datafield tag="650" ind1=" " ind2="4">
    <marc:subfield code="a">Bishops</marc:subfield>
    <marc:subfield code="0">http://id.loc.gov/authorities/subjects/sh85014419</marc:subfield>
    <marc:subfield code="0">http://id.loc.gov/authorities/names/n81035140</marc:subfield>
    <marc:subfield code="0">http://id.loc.gov/authorities/subjects/sh99001237</marc:subfield>
  </marc:datafield>
  <marc:datafield tag="884" ind1=" " ind2=" ">
    <marc:subfield code="a">DLC bibframe2marc v1.1.0-SNAPSHOT</marc:subfield>
    <marc:subfield code="g">20210113160900.0</marc:subfield>
    <marc:subfield code="q">DLC</marc:subfield>
    <marc:subfield code="u">https://github.com/lcnetdev/bibframe2marc</marc:subfield>
  </marc:datafield>
</marc:record>