<marc:record>
  <marc:leader>     cam a22     uu 4500</marc:leader>
  <marc:controlfield tag="001">21600215</marc:controlfield>
  <marc:controlfield tag="003">DLC</marc:controlfield>
  <marc:controlfield tag="005">20210112165500.0</marc:controlfield>
  <marc:controlfield tag="008">200616s2020    sp            00| f spa |</marc:controlfield>
  <marc:datafield tag="010" ind1=" " ind2=" ">
    <marc:subfield code="a">  2020421847</marc:subfield>
  </marc:datafield>
  <marc:datafield tag="020" ind1=" " ind2=" ">
    <marc:subfield code="a">9788417986643</marc:subfield>
  </marc:datafield>
  <marc:datafield tag="035" ind1=" " ind2=" ">
    <marc:subfield code="a">pu200688805</marc:subfield>
  </marc:datafield>
  <marc:datafield tag="040" ind1=" " ind2=" "/>
  <marc:datafield tag="042" ind1=" " ind2=" ">
    <marc:subfield code="a">pcc</marc:subfield>
  </marc:datafield>
  <marc:datafield tag="050" ind1=" " ind2="0">
    <marc:subfield code="a"> PQ6705 .S6383 </marc:subfield>
  </marc:datafield>
  <marc:datafield tag="082" ind1="0" ind2="4">
    <marc:subfield code="a"> 863/.7 </marc:subfield>
    <marc:subfield code="q">23</marc:subfield>
  </marc:datafield>
  <marc:datafield tag="100" ind1="1" ind2=" ">
    <marc:subfield code="a">Espinar Ruiz, Montserrat, 1980-</marc:subfield>
    <marc:subfield code="e">Author</marc:subfield>
    <marc:subfield code="4">http://id.loc.gov/vocabulary/relators/aut</marc:subfield>
  </marc:datafield>
  <marc:datafield tag="245" ind1="1" ind2="0">
    <marc:subfield code="a">Los bigotes del gato</marc:subfield>
    <marc:subfield code="c">Montse Espinar Ruiz</marc:subfield>
  </marc:datafield>
  <marc:datafield tag="264" ind1=" " ind2="1">
    <marc:subfield code="a">http://id.loc.gov/vocabulary/countries/sp</marc:subfield>
    <marc:subfield code="c">2020</marc:subfield>
  </marc:datafield>
  <marc:datafield tag="300" ind1=" " ind2=" ">
    <marc:subfield code="a">272 pages</marc:subfield>
    <marc:subfield code="c">20 cm.</marc:subfield>
  </marc:datafield>
  <marc:datafield tag="336" ind1=" " ind2=" ">
    <marc:subfield code="a">text</marc:subfield>
    <marc:subfield code="0">http://id.loc.gov/vocabulary/contentTypes/txt</marc:subfield>
  </marc:datafield>
  <marc:datafield tag="337" ind1=" " ind2=" ">
    <marc:subfield code="a">unmediated</marc:subfield>
    <marc:subfield code="0">http://id.loc.gov/vocabulary/mediaTypes/n</marc:subfield>
  </marc:datafield>
  <marc:datafield tag="338" ind1=" " ind2=" ">
    <marc:subfield code="a">volume</marc:subfield>
    <marc:subfield code="0">http://id.loc.gov/vocabulary/carriers/nc</marc:subfield>
  </marc:datafield>
  <marc:datafield tag="490" ind1="0" ind2=" ">
    <marc:subfield code="a">Cosecha</marc:subfield>
    <marc:subfield code="v">087</marc:subfield>
  </marc:datafield>
  <marc:datafield tag="655" ind1=" " ind2="7">
    <marc:subfield code="a">Novels</marc:subfield>
    <marc:subfield code="0">http://id.loc.gov/authorities/genreForms/gf2015026020</marc:subfield>
    <marc:subfield code="2">lcgft</marc:subfield>
  </marc:datafield>
  <marc:datafield tag="884" ind1=" " ind2=" ">
    <marc:subfield code="a">DLC bibframe2marc v1.1.0-SNAPSHOT</marc:subfield>
    <marc:subfield code="g">20210113160900.0</marc:subfield>
    <marc:subfield code="q">DLC</marc:subfield>
    <marc:subfield code="u">https://github.com/lcnetdev/bibframe2marc</marc:subfield>
  </marc:datafield>
</marc:record>