<marc:record>
  <marc:leader>     cam a22      i 4500</marc:leader>
  <marc:controlfield tag="001">20502074</marc:controlfield>
  <marc:controlfield tag="003">DLC</marc:controlfield>
  <marc:controlfield tag="005">20210112135839.0</marc:controlfield>
  <marc:controlfield tag="008">180518s2017    nyu           00| | heb |</marc:controlfield>
  <marc:datafield tag="010" ind1=" " ind2=" ">
    <marc:subfield code="a">  2018382051</marc:subfield>
  </marc:datafield>
  <marc:datafield tag="035" ind1=" " ind2=" ">
    <marc:subfield code="a">(OCoLC)on1023812665</marc:subfield>
  </marc:datafield>
  <marc:datafield tag="040" ind1=" " ind2=" ">
    <marc:subfield code="a">YYP</marc:subfield>
    <marc:subfield code="b">eng</marc:subfield>
    <marc:subfield code="c">YYP</marc:subfield>
    <marc:subfield code="e">isbd</marc:subfield>
    <marc:subfield code="e">RDA</marc:subfield>
    <marc:subfield code="e">rda</marc:subfield>
  </marc:datafield>
  <marc:datafield tag="042" ind1=" " ind2=" ">
    <marc:subfield code="a">lccopycat</marc:subfield>
  </marc:datafield>
  <marc:datafield tag="050" ind1=" " ind2="0">
    <marc:subfield code="a">BM710</marc:subfield>
  </marc:datafield>
  <marc:datafield tag="100" ind1="1" ind2=" ">
    <marc:subfield code="a">Rosenberger, N. D.</marc:subfield>
    <marc:subfield code="e">Author</marc:subfield>
    <marc:subfield code="0">http://id.loc.gov/authorities/names/no2009169622</marc:subfield>
    <marc:subfield code="4">http://id.loc.gov/vocabulary/relators/aut</marc:subfield>
  </marc:datafield>
  <marc:datafield tag="240" ind1="1" ind2="0">
    <marc:subfield code="a">&#699;Ayen sham</marc:subfield>
    <marc:subfield code="l">Hebrew</marc:subfield>
  </marc:datafield>
  <marc:datafield tag="245" xml:lang="he-hebr" ind1="1" ind2="0">
    <marc:subfield code="a">&#1505;&#1508;&#1512; &#1506;&#1497;&#1497;&#1503; &#1513;&#1501;</marc:subfield>
    <marc:subfield code="b">&#1506;&#1500; &#1513;&#1500;&#1495;&#1503; &#1506;&#1512;&#1493;&#1498; &#1497;&#1493;&#1512;&#1492; &#1491;&#1506;&#1492; &#1492;&#1500;&#1499;&#1493;&#1514; &#1502;&#1500;&#1497;&#1495;&#1492;, &#1489;&#1513;&#1512; &#1489;&#1495;&#1500;&#1489; &#1493;&#1514;&#1506;&#1512;&#1493;&#1489;&#1493;&#1514; : &#1489;&#1493; &#1497;&#1489;&#1493;&#1488;&#1493; &#1499;&#1500; &#1491;&#1489;&#1512;&#1497; &#1492;&#1512;&#1488;&#1513;&#1493;&#1504;&#1497;&#1501; &#1493;&#1492;&#1508;&#1493;&#1505;&#1511;&#1497;&#1501; &#1488;&#1513;&#1512; &#1510;&#1497;&#1497;&#1504;&#1493; &#1512;&#1489;&#1493;&#1514;&#1497;&#1504;&#1493; &#1492;&#1496;"&#1494; &#1493;&#1492;&#1513;"&#1498; &#1500;&#1506;&#1497;&#1497;&#1503; &#1489;&#1492;&#1501;</marc:subfield>
    <marc:subfield code="c">&#1504;&#1500;&#1511;&#1496; &#1493;&#1504;&#1506;&#1512;&#1498; &#1493;&#1504;&#1505;&#1491;&#1512; &#1489;&#1506;&#1494;&#1512;&#1514; &#1492;&#1495;&#1493;&#1504;&#1503; &#1500;&#1488;&#1491;&#1501; &#1491;&#1506;&#1514;, &#1504;&#1514;&#1503; &#1491;&#1493;&#1491; &#1512;&#1488;&#1494;&#1506;&#1504;&#1489;&#1506;&#1512;&#1490;&#1506;&#1512;, &#1489;&#1500;&#1488;&#1488;&#1502;&#1493;"&#1512; &#1492;&#1512;&#1492;"&#1490; &#1512;&#1489;&#1497; &#1497;&#1511;&#1493;&#1514;&#1497;&#1488;&#1500; &#1497;&#1492;&#1493;&#1491;&#1492;, &#1513;&#1500;&#1497;&#1496;"&#1488;, &#1502;&#1490;&#1502;&#1494;&#1493;</marc:subfield>
  </marc:datafield>
  <marc:datafield tag="246" xml:lang="he-hebr" ind1="1" ind2=" ">
    <marc:subfield code="a">&#8207;&#1506;&#1497;&#1497;&#1503; &#1513;&#1501;</marc:subfield>
  </marc:datafield>
  <marc:datafield tag="264" ind1=" " ind2="1">
    <marc:subfield code="a">http://id.loc.gov/vocabulary/countries/nyu</marc:subfield>
    <marc:subfield code="c">2017</marc:subfield>
  </marc:datafield>
  <marc:datafield tag="300" ind1=" " ind2=" ">
    <marc:subfield code="a">16, 469 pages</marc:subfield>
    <marc:subfield code="c">25 cm</marc:subfield>
  </marc:datafield>
  <marc:datafield tag="336" ind1=" " ind2=" ">
    <marc:subfield code="a">text</marc:subfield>
    <marc:subfield code="0">http://id.loc.gov/vocabulary/contentTypes/txt</marc:subfield>
  </marc:datafield>
  <marc:datafield tag="337" ind1=" " ind2=" ">
    <marc:subfield code="a">unmediated</marc:subfield>
    <marc:subfield code="0">http://id.loc.gov/vocabulary/mediaTypes/n</marc:subfield>
  </marc:datafield>
  <marc:datafield tag="338" ind1=" " ind2=" ">
    <marc:subfield code="a">volume</marc:subfield>
    <marc:subfield code="0">http://id.loc.gov/vocabulary/carriers/nc</marc:subfield>
  </marc:datafield>
  <marc:datafield tag="500" xml:lang="he-hebr" ind1=" " ind2=" ">
    <marc:subfield code="a">&#1502;&#1492;&#1491;&#1493;&#1512;&#1514; &#1490;&#1493;&#1496;&#1496;&#1502;&#1488;&#1503;--Cover.</marc:subfield>
  </marc:datafield>
  <marc:datafield tag="505" xml:lang="he-hebr" ind1="0" ind2=" ">
    <marc:subfield code="a">&#1492;&#1511;&#1491;&#1502;&#1492; -- &#1502;&#1514;&#1493;&#1500;&#1491;&#1493;&#1514; &#1512;&#1489;&#1493;&#1514;&#1497;&#1504;&#1493; &#1492;&#1496;"&#1494; &#1493;&#1492;&#1513;"&#1498; -- &#1492;&#1500;&#1499;&#1493;&#1514; &#1502;&#1500;&#1497;&#1495;&#1492; -- &#1492;&#1500;&#1499;&#1493;&#1514; &#1489;&#1513;&#1512; &#1489;&#1495;&#1500;&#1489; -- &#1492;&#1500;&#1499;&#1493;&#1514; &#1514;&#1506;&#1512;&#1493;&#1489;&#1493;&#1514;</marc:subfield>
  </marc:datafield>
  <marc:datafield tag="525" ind1=" " ind2=" ">
    <marc:subfield code="a">Includes bibliographical references, titled Duda&#700;e Natan</marc:subfield>
  </marc:datafield>
  <marc:datafield tag="525" ind1=" " ind2=" ">
    <marc:subfield code="a">bibliography</marc:subfield>
  </marc:datafield>
  <marc:datafield tag="650" ind1=" " ind2="4">
    <marc:subfield code="a">Mixture of permitted and forbidden foods (Jewish law)</marc:subfield>
    <marc:subfield code="0">http://id.loc.gov/authorities/subjects/sh90003043</marc:subfield>
  </marc:datafield>
  <marc:datafield tag="650" ind1=" " ind2="4">
    <marc:subfield code="a">Karo, Joseph ben Ephraim, 1488-1575. Hilkhot ba&#347;ar be-&#7717;alav</marc:subfield>
    <marc:subfield code="0">http://id.loc.gov/authorities/names/n85104570</marc:subfield>
  </marc:datafield>
  <marc:datafield tag="650" ind1=" " ind2="4">
    <marc:subfield code="a">Karo, Joseph ben Ephraim, 1488-1575. Hilkhot ta&#699;arovot</marc:subfield>
    <marc:subfield code="0">http://id.loc.gov/authorities/names/n84036807</marc:subfield>
  </marc:datafield>
  <marc:datafield tag="650" ind1=" " ind2="4">
    <marc:subfield code="a">Kashering of meat</marc:subfield>
    <marc:subfield code="0">http://id.loc.gov/authorities/subjects/sh89007281</marc:subfield>
  </marc:datafield>
  <marc:datafield tag="650" ind1=" " ind2="4">
    <marc:subfield code="a">Milk and meat (Jewish law)</marc:subfield>
    <marc:subfield code="0">http://id.loc.gov/authorities/subjects/sh90000044</marc:subfield>
  </marc:datafield>
  <marc:datafield tag="650" ind1=" " ind2="4">
    <marc:subfield code="a">Karo, Joseph ben Ephraim, 1488-1575. Hilkhot meli&#7717;ah</marc:subfield>
    <marc:subfield code="0">http://id.loc.gov/authorities/names/nr90004838</marc:subfield>
  </marc:datafield>
  <marc:datafield tag="884" ind1=" " ind2=" ">
    <marc:subfield code="a">DLC bibframe2marc v1.1.0-SNAPSHOT</marc:subfield>
    <marc:subfield code="g">20210113160900.0</marc:subfield>
    <marc:subfield code="q">DLC</marc:subfield>
    <marc:subfield code="u">https://github.com/lcnetdev/bibframe2marc</marc:subfield>
  </marc:datafield>
</marc:record>