<marc:record>
  <marc:leader>     cam a22     uu 4500</marc:leader>
  <marc:controlfield tag="001">21847852</marc:controlfield>
  <marc:controlfield tag="003">DLC</marc:controlfield>
  <marc:controlfield tag="005">20210112150230.0</marc:controlfield>
  <marc:controlfield tag="008">201218t20172017maua          00| | eng |</marc:controlfield>
  <marc:datafield tag="010" ind1=" " ind2=" ">
    <marc:subfield code="a">  2020430960</marc:subfield>
  </marc:datafield>
  <marc:datafield tag="020" ind1=" " ind2=" ">
    <marc:subfield code="a">1319055117</marc:subfield>
  </marc:datafield>
  <marc:datafield tag="020" ind1=" " ind2=" ">
    <marc:subfield code="a">9781319055110</marc:subfield>
  </marc:datafield>
  <marc:datafield tag="035" ind1=" " ind2=" ">
    <marc:subfield code="a">ocn971894121</marc:subfield>
  </marc:datafield>
  <marc:datafield tag="037" ind1=" " ind2=" ">
    <marc:subfield code="n">SAN 631-5011</marc:subfield>
  </marc:datafield>
  <marc:datafield tag="040" ind1=" " ind2=" "/>
  <marc:datafield tag="042" ind1=" " ind2=" ">
    <marc:subfield code="a">lccopycat</marc:subfield>
  </marc:datafield>
  <marc:datafield tag="043" ind1=" " ind2=" ">
    <marc:subfield code="a">n-us---</marc:subfield>
  </marc:datafield>
  <marc:datafield tag="050" ind1=" " ind2="0">
    <marc:subfield code="a">PE1127.H5 </marc:subfield>
  </marc:datafield>
  <marc:datafield tag="130" ind1="0" ind2=" ">
    <marc:subfield code="a">America now : short readings from recent periodicals</marc:subfield>
  </marc:datafield>
  <marc:datafield tag="245" ind1="1" ind2="0">
    <marc:subfield code="a">America now</marc:subfield>
    <marc:subfield code="b">short readings from recent periodicals</marc:subfield>
    <marc:subfield code="c">edited by Robert Atwan ; exercises prepared with the assistance of Valerie Duff-Strautmann, Gregory Atwan</marc:subfield>
  </marc:datafield>
  <marc:datafield tag="250" ind1=" " ind2=" ">
    <marc:subfield code="a">Twelfth edition</marc:subfield>
  </marc:datafield>
  <marc:datafield tag="264" ind1=" " ind2="1">
    <marc:subfield code="a">http://id.loc.gov/vocabulary/countries/mau</marc:subfield>
    <marc:subfield code="c">2017</marc:subfield>
  </marc:datafield>
  <marc:datafield tag="264" ind1=" " ind2="1">
    <marc:subfield code="a">Boston</marc:subfield>
    <marc:subfield code="b">Bedford/St. Martin's</marc:subfield>
    <marc:subfield code="c">2017</marc:subfield>
  </marc:datafield>
  <marc:datafield tag="264" ind1=" " ind2="4">
    <marc:subfield code="c">2017</marc:subfield>
  </marc:datafield>
  <marc:datafield tag="300" ind1=" " ind2=" ">
    <marc:subfield code="a">xxxvi, 428 pages</marc:subfield>
    <marc:subfield code="b">illustrations</marc:subfield>
    <marc:subfield code="c">21 cm</marc:subfield>
  </marc:datafield>
  <marc:datafield tag="336" ind1=" " ind2=" ">
    <marc:subfield code="a">text</marc:subfield>
    <marc:subfield code="0">http://id.loc.gov/vocabulary/contentTypes/txt</marc:subfield>
  </marc:datafield>
  <marc:datafield tag="337" ind1=" " ind2=" ">
    <marc:subfield code="a">unmediated</marc:subfield>
    <marc:subfield code="0">http://id.loc.gov/vocabulary/mediaTypes/n</marc:subfield>
  </marc:datafield>
  <marc:datafield tag="338" ind1=" " ind2=" ">
    <marc:subfield code="a">volume</marc:subfield>
    <marc:subfield code="0">http://id.loc.gov/vocabulary/carriers/nc</marc:subfield>
  </marc:datafield>
  <marc:datafield tag="500" ind1=" " ind2=" ">
    <marc:subfield code="a">Includes bibliographical references (page ii, 419-422)</marc:subfield>
  </marc:datafield>
  <marc:datafield tag="505" ind1="0" ind2=" ">
    <marc:subfield code="a">Persuasive writer: expressing opinions with clarity, confidence, and civility -- Language: do words matter? -- Free speech: is it endangered on campus -- U.S. history: how do we remember our past? -- A college education: how valuable is it? -- Race: does it still matter? -- Diversity and identity: how well is American immigration working? -- Guns: can the second amendment survive? -- Prison, police, punishment: is our criminal justice system broken? -- Our battered economy: is the American dream over? -- Marriage: what does it mean today? -- Gender: what are the issues today? -- The climate crisis: have we reached the point of no return?</marc:subfield>
  </marc:datafield>
  <marc:datafield tag="520" ind1=" " ind2=" ">
    <marc:subfield code="a">America Now makes it easy for you to bring brief, thought-provoking essays into your classroom, with reliable pedagogy and an expert reader's knowledge of what works for students. As series editor for The Best American Essays, Robert Atwan constantly scours a wide range of periodicals, bringing to America Now an unrivaled focus on today's best writing. Instructors tell us that their students want to respond to the essays in the book, and they praise the high-quality reading and writing instruction, critical thinking and reading questions, and model student essays that help them do so. Every current, professional reading in America Now is new to this edition, making it truly a book for today's composition course. amazon.com</marc:subfield>
  </marc:datafield>
  <marc:datafield tag="525" ind1=" " ind2=" ">
    <marc:subfield code="a">index</marc:subfield>
  </marc:datafield>
  <marc:datafield tag="525" ind1=" " ind2=" ">
    <marc:subfield code="a">Includes bibliographical references and index.</marc:subfield>
  </marc:datafield>
  <marc:datafield tag="650" ind1=" " ind2="7">
    <marc:subfield code="0">fst00911581</marc:subfield>
    <marc:subfield code="a">English language</marc:subfield>
    <marc:subfield code="x">Rhetoric</marc:subfield>
    <marc:subfield code="2">fast</marc:subfield>
  </marc:datafield>
  <marc:datafield tag="650" ind1=" " ind2="4">
    <marc:subfield code="a">College readers.</marc:subfield>
    <marc:subfield code="0">fst00867915</marc:subfield>
  </marc:datafield>
  <marc:datafield tag="651" ind1=" " ind2="4">
    <marc:subfield code="a">United States.</marc:subfield>
    <marc:subfield code="0">fst01204155</marc:subfield>
  </marc:datafield>
  <marc:datafield tag="650" ind1=" " ind2="4">
    <marc:subfield code="0">https://id.loc.gov/authorities/subjects/sh2008110476</marc:subfield>
    <marc:subfield code="a">Report writing</marc:subfield>
    <marc:subfield code="0">https://id.loc.gov/authorities/subjects/sh85112926</marc:subfield>
    <marc:subfield code="v">Problems, exercises, etc</marc:subfield>
    <marc:subfield code="0">https://id.loc.gov/authorities/subjects/sh87001967</marc:subfield>
  </marc:datafield>
  <marc:datafield tag="650" ind1=" " ind2="4">
    <marc:subfield code="a">Report writing.</marc:subfield>
    <marc:subfield code="0">fst01094836</marc:subfield>
  </marc:datafield>
  <marc:datafield tag="650" ind1=" " ind2="4">
    <marc:subfield code="0">https://id.loc.gov/authorities/subjects/sh2008103120</marc:subfield>
    <marc:subfield code="a">English language</marc:subfield>
    <marc:subfield code="0">https://id.loc.gov/authorities/subjects/sh85043413</marc:subfield>
    <marc:subfield code="x">Rhetoric</marc:subfield>
    <marc:subfield code="0">https://id.loc.gov/authorities/subjects/sh00007543</marc:subfield>
    <marc:subfield code="0">https://id.loc.gov/authorities/subjects/sh87001967</marc:subfield>
  </marc:datafield>
  <marc:datafield tag="650" ind1=" " ind2="4">
    <marc:subfield code="a">Readers.</marc:subfield>
    <marc:subfield code="0">fst01090554</marc:subfield>
  </marc:datafield>
  <marc:datafield tag="651" ind1=" " ind2="4">
    <marc:subfield code="0">https://id.loc.gov/authorities/subjects/sh2007100063</marc:subfield>
    <marc:subfield code="a">United States</marc:subfield>
    <marc:subfield code="0">https://id.loc.gov/authorities/names/n78095330</marc:subfield>
    <marc:subfield code="x">Civilization</marc:subfield>
    <marc:subfield code="0">https://id.loc.gov/authorities/subjects/sh85026423</marc:subfield>
    <marc:subfield code="0">https://id.loc.gov/authorities/subjects/sh87001967</marc:subfield>
  </marc:datafield>
  <marc:datafield tag="650" ind1=" " ind2="4">
    <marc:subfield code="a">College readers.</marc:subfield>
    <marc:subfield code="0">https://id.loc.gov/authorities/subjects/sh85028335</marc:subfield>
  </marc:datafield>
  <marc:datafield tag="650" ind1=" " ind2="4">
    <marc:subfield code="a">Civilization.</marc:subfield>
    <marc:subfield code="0">fst00862898</marc:subfield>
  </marc:datafield>
  <marc:datafield tag="650" ind1=" " ind2="4">
    <marc:subfield code="a">Readers.</marc:subfield>
    <marc:subfield code="0">https://id.loc.gov/authorities/subjects/sh85111644</marc:subfield>
  </marc:datafield>
  <marc:datafield tag="655" ind1=" " ind2="7">
    <marc:subfield code="a">Problems and exercises.</marc:subfield>
    <marc:subfield code="0">https://id.loc.gov/authorities/genreForms/gf2014026154</marc:subfield>
    <marc:subfield code="0">fst01423783</marc:subfield>
    <marc:subfield code="2">fast</marc:subfield>
  </marc:datafield>
  <marc:datafield tag="700" ind1="1" ind2=" ">
    <marc:subfield code="a">Duff-Strautmann, Valerie</marc:subfield>
    <marc:subfield code="e">contributor.</marc:subfield>
    <marc:subfield code="0">https://id.loc.gov/authorities/names/n2009069163</marc:subfield>
  </marc:datafield>
  <marc:datafield tag="700" ind1="1" ind2=" ">
    <marc:subfield code="a">Atwan, Greg, 1983-</marc:subfield>
    <marc:subfield code="e">contributor.</marc:subfield>
    <marc:subfield code="0">https://id.loc.gov/authorities/names/n2007076815</marc:subfield>
  </marc:datafield>
  <marc:datafield tag="700" ind1="1" ind2=" ">
    <marc:subfield code="a">Atwan, Robert</marc:subfield>
    <marc:subfield code="e">Editor</marc:subfield>
    <marc:subfield code="4">http://id.loc.gov/vocabulary/relators/edt</marc:subfield>
    <marc:subfield code="0">http://id.loc.gov/authorities/names/n79109300</marc:subfield>
  </marc:datafield>
  <marc:datafield tag="884" ind1=" " ind2=" ">
    <marc:subfield code="a">DLC bibframe2marc v1.1.0-SNAPSHOT</marc:subfield>
    <marc:subfield code="g">20210113160900.0</marc:subfield>
    <marc:subfield code="q">DLC</marc:subfield>
    <marc:subfield code="u">https://github.com/lcnetdev/bibframe2marc</marc:subfield>
  </marc:datafield>
</marc:record>