<marc:record>
  <marc:leader>     cam a22      a 4500</marc:leader>
  <marc:controlfield tag="001">20521728</marc:controlfield>
  <marc:controlfield tag="003">DLC</marc:controlfield>
  <marc:controlfield tag="005">20210112214403.0</marc:controlfield>
  <marc:controlfield tag="008">180530s2017    is a          001 | heb |</marc:controlfield>
  <marc:datafield tag="010" ind1=" " ind2=" ">
    <marc:subfield code="a">  2018392254</marc:subfield>
  </marc:datafield>
  <marc:datafield tag="020" ind1=" " ind2=" ">
    <marc:subfield code="a">9655407284</marc:subfield>
  </marc:datafield>
  <marc:datafield tag="020" ind1=" " ind2=" ">
    <marc:subfield code="a">9789655407280</marc:subfield>
  </marc:datafield>
  <marc:datafield tag="040" ind1=" " ind2=" ">
    <marc:subfield code="e">aacr</marc:subfield>
  </marc:datafield>
  <marc:datafield tag="042" ind1=" " ind2=" ">
    <marc:subfield code="a">pcc</marc:subfield>
  </marc:datafield>
  <marc:datafield tag="050" ind1=" " ind2="0">
    <marc:subfield code="a">BF697</marc:subfield>
  </marc:datafield>
  <marc:datafield tag="130" ind1="0" ind2=" ">
    <marc:subfield code="a">Ketavim</marc:subfield>
  </marc:datafield>
  <marc:datafield tag="245" ind1="1" ind2="0">
    <marc:subfield code="a">&#1499;&#1514;&#1489;&#1497;&#1501;</marc:subfield>
    <marc:subfield code="c">&#1506;&#1493;&#1512;&#1499;&#1493;&#1514; &#1488;&#1497;&#1512;&#1497;&#1505; &#1490;&#1489;&#1512;&#1497;&#1488;&#1500;&#1497;&#1470;&#1512;&#1495;&#1489;&#1497;, &#1512;&#1495;&#1500; &#1511;&#1500;&#1506;, &#1511;&#1512;&#1497;&#1504;&#1492; &#1490;&#1493;&#1500;&#1491;&#1489;&#1512;&#1490;</marc:subfield>
  </marc:datafield>
  <marc:datafield tag="264" ind1=" " ind2="1">
    <marc:subfield code="a">http://id.loc.gov/vocabulary/countries/is</marc:subfield>
    <marc:subfield code="c">2017</marc:subfield>
  </marc:datafield>
  <marc:datafield tag="300" ind1=" " ind2=" ">
    <marc:subfield code="a">573 pages</marc:subfield>
    <marc:subfield code="c">25 cm</marc:subfield>
  </marc:datafield>
  <marc:datafield tag="336" ind1=" " ind2=" ">
    <marc:subfield code="a">text</marc:subfield>
    <marc:subfield code="0">http://id.loc.gov/vocabulary/contentTypes/txt</marc:subfield>
  </marc:datafield>
  <marc:datafield tag="337" ind1=" " ind2=" ">
    <marc:subfield code="a">unmediated</marc:subfield>
    <marc:subfield code="0">http://id.loc.gov/vocabulary/mediaTypes/n</marc:subfield>
  </marc:datafield>
  <marc:datafield tag="338" ind1=" " ind2=" ">
    <marc:subfield code="a">volume</marc:subfield>
    <marc:subfield code="0">http://id.loc.gov/vocabulary/carriers/nc</marc:subfield>
  </marc:datafield>
  <marc:datafield tag="505" xml:lang="he-hebr" ind1="0" ind2=" ">
    <marc:subfield code="a">&#1492;&#1513;&#1514;&#1514;&#1508;&#1493;&#1514; &#1492;&#1502;&#1496;&#1508;&#1500; &#1489;&#1502;&#1512;&#1495;&#1489; &#1492;&#1510;&#1493;&#1512;&#1498; / &#1512;&#1497;&#1504;&#1514; &#1512;&#1489;-&#1492;&#1493;&#1503; -- &#1489;&#1497;&#1503; '&#1490;&#1489;&#1497;&#1513; &#1502;&#1500;&#1495;' &#1500;'&#1490;&#1493;&#1513; &#1490;&#1512;&#1504;&#1497;&#1496;' : &#1502;&#1495;&#1513;&#1489;&#1493;&#1514; &#1506;&#1500; &#1505;&#1497;&#1504;&#1514;&#1494;&#1492; &#1493;&#1488;&#1497;&#1495;&#1493;&#1497; &#1489;&#1508;&#1505;&#1497;&#1499;&#1493;&#1488;&#1504;&#1500;&#1497;&#1494;&#1492; / &#1506;&#1508;&#1512;&#1492; &#1499;&#1492;&#1503;-&#1508;&#1512;&#1497;&#1491; -- &#1505;&#1493;&#1489;&#1497;&#1497;&#1511;&#1496;&#1497;&#1489;&#1497;&#1493;&#1514;, &#1506;&#1510;&#1502;&#1497;&#1493;&#1514; &#1493;&#1488;&#1502;&#1508;&#1514;&#1497;&#1492; &#1489;&#1508;&#1505;&#1497;&#1499;&#1493;&#1488;&#1504;&#1500;&#1497;&#1494;&#1492; : &#1514;&#1512;&#1493;&#1502;&#1493;&#1514; &#1492;&#1495;&#1511;&#1497;&#1512;&#1492; &#1492;&#1508;&#1504;&#1493;&#1502;&#1504;&#1493;&#1500;&#1493;&#1490;&#1497;&#1514; &#1513;&#1500; &#1488;&#1491;&#1502;&#1493;&#1504;&#1491; &#1492;&#1493;&#1505;&#1512;&#1500; / &#1497;&#1493;&#1512;&#1497; &#1505;&#1500;&#1506; -- &#1502;&#1506;&#1513;&#1492; &#1492;&#1508;&#1497;&#1512;&#1493;&#1513; &#1489;&#1512;&#1488;&#1497; &#1508;&#1505;&#1497;&#1499;&#1493;&#1500;&#1493;&#1490;&#1497;&#1497;&#1514; &#1492;&#1506;&#1510;&#1502;&#1497; / &#1511;&#1500;&#1488;&#1493;&#1491;&#1497;&#1492; &#1511;&#1493;&#1490;&#1503; -- &#1502;&#1492; &#1495;&#1493;&#1500;&#1502;&#1493;&#1514; &#1492;&#1488;&#1497;&#1497;&#1500;&#1493;&#1514; &#1489;&#1500;&#1497;&#1500;&#1493;&#1514;? &#1502;&#1495;&#1513;&#1489;&#1493;&#1514; &#1506;&#1500; &#1497;&#1500;&#1491;&#1497;&#1501; &#1493;&#1495;&#1500;&#1493;&#1502;&#1493;&#1514; / &#1512;&#1495;&#1500; &#1511;&#1500;&#1506; -- &#1506;&#1500; &#1492;&#1513;&#1497;&#1504;&#1492; &#1513;&#1500; &#1492;&#1502;&#1496;&#1508;&#1500; &#1489;&#1496;&#1497;&#1508;&#1493;&#1500; / &#1497;&#1493;&#1512;&#1501; &#1495;&#1494;&#1503; --'&#1492;&#1502;&#1511;&#1493;&#1501; &#1513;&#1489;&#1493; &#1488;&#1504;&#1495;&#1504;&#1493; &#1504;&#1506;&#1502;&#1491;&#1497;&#1501;' &#1488;&#1493; '&#1492;&#1497;&#1497; &#1500;&#1497; &#1491;&#1508;&#1504;&#1493;&#1514;' / &#1488;&#1505;&#1514;&#1497; &#1491;&#1497;&#1504;&#1493;&#1512; -- &#1490;&#1489;&#1493;&#1500;&#1493;&#1514;&#1497;&#1493; &#1513;&#1500; &#1502;&#1497; &#1500;&#1506;&#1494;&#1488;&#1494;&#1500;? : &#1492;&#1497;&#1489;&#1496; &#1489;&#1492;&#1514;&#1502;&#1493;&#1491;&#1491;&#1493;&#1514; &#1492;&#1493;&#1512;&#1497;&#1514; &#1502;&#1504;&#1511;&#1493;&#1491;&#1514; &#1492;&#1502;&#1489;&#1496; &#1513;&#1500; &#1508;&#1505;&#1497;&#1499;&#1493;&#1500;&#1493;&#1490;&#1497;&#1497;&#1514; &#1492;&#1506;&#1510;&#1502;&#1497; / &#1488;&#1500;&#1491;&#1491; &#1488;&#1497;&#1491;&#1503; -- &#1488;&#1497;&#1498; &#1512;&#1493;&#1514; &#1492;&#1488;&#1497;&#1493;&#1502;&#1492; &#1492;&#1508;&#1499;&#1492; &#1500;&#1512;&#1493;&#1514; &#1492;&#1512;&#1495;&#1493;&#1502;&#1492; : &#1502;&#1495;&#1513;&#1489;&#1493;&#1514; &#1506;&#1500; &#1492;&#1514;&#1508;&#1514;&#1495;&#1493;&#1514; &#1492;&#1497;&#1499;&#1493;&#1500;&#1514; &#1500;&#1488;&#1502;&#1508;&#1514;&#1497;&#1492; &#1491;&#1512;&#1498; &#1496;&#1497;&#1508;&#1493;&#1500; &#1489;&#1502;&#1513;&#1495;&#1511; / &#1512;&#1493;&#1514; &#1490;&#1489;-&#1491;&#1493;&#1489;&#1512;&#1493;&#1489; --&#1492;&#1514;&#1504;&#1493;&#1506;&#1492; &#1513;&#1500; &#1492;&#1497;&#1500;&#1491;&#1492; &#1500;&#1506;&#1489;&#1512; &#1492;&#1494;&#1493;&#1500;&#1514; : '&#1502;&#1492;&#1497;&#1493;&#1514; &#1506;&#1491; &#1488;&#1497;-&#1492;&#1497;&#1493;&#1514;' / &#1502;&#1497;&#1499;&#1500; &#1495;&#1494;&#1503; -- &#1490;&#1497;&#1500;&#1493;&#1497; &#1508;&#1504;&#1497;&#1501; &#1493;&#1492;&#1505;&#1514;&#1512; &#1508;&#1504;&#1497;&#1501;, &#1495;&#1497;&#1497;&#1501; &#1493;&#1502;&#1493;&#1493;&#1514;, &#1505;&#1493;&#1507; &#1493;&#1488;&#1497;&#1504;&#1505;&#1493;&#1508; : &#1492;&#1514;&#1502;&#1512;&#1492; &#1513;&#1500; &#1506;&#1510;&#1502;&#1497;&#1493;&#1514; &#1489;&#1492;&#1514;&#1502;&#1493;&#1491;&#1491;&#1493;&#1514; &#1506;&#1501; &#1496;&#1512;&#1488;&#1493;&#1502;&#1492; &#1513;&#1500; &#1488;&#1493;&#1489;&#1491;&#1503; / &#1488;&#1512;&#1497;&#1492; &#1490;&#1512;&#1497;&#1503; -- &#1511;&#1489;&#1500;&#1514; &#1495;&#1500;&#1493;&#1508;&#1497;&#1493;&#1514; : &#1493;&#1497;&#1514;&#1493;&#1512; &#1513;&#1500; &#1492;&#1488;&#1490;&#1493; &#1488;&#1493; &#1492;&#1512;&#1495;&#1489;&#1492; &#1513;&#1500; &#1492;&#1506;&#1510;&#1502;&#1497;? / &#1490;&#1489;&#1512;&#1497;&#1488;&#1500;&#1492; &#1502;&#1503; -- &#1492;&#1491;&#1492;&#1493;&#1491; &#1493;&#1492;&#1514;&#1502;&#1512;&#1492; : &#1492;&#1514;&#1489;&#1493;&#1504;&#1504;&#1493;&#1514; &#1506;&#1500; &#1497;&#1500;&#1491;&#1497;&#1492; &#1513;&#1500; &#1492;&#1508;&#1505;&#1497;&#1499;&#1493;&#1488;&#1504;&#1500;&#1497;&#1494;&#1492; : &#1504;&#1512;&#1511;&#1497;&#1505;, &#1488;&#1499;&#1493; &#1493;&#1488;&#1491;&#1497;&#1508;&#1493;&#1505; &#1490;&#1501; / &#1506;&#1504;&#1514; &#1508;&#1512;&#1497; -- &#1508;&#1505;&#1497;&#1499;&#1493;&#1500;&#1493;&#1490;&#1497;&#1497;&#1514; &#1492;&#1506;&#1510;&#1502;&#1497; &#1489;&#1502;&#1512;&#1495;&#1489; &#1492;&#1492;&#1514;&#1492;&#1493;&#1493;&#1514; &#1489;&#1497;&#1503; &#1502;&#1506;&#1512;&#1489; &#1493;&#1502;&#1494;&#1512;&#1495; / &#1491;&#1508;&#1504;&#1492; &#1492;&#1493;&#1502;&#1497;&#1504;&#1512; -- "&#1497;&#1513; &#1502;&#1513;&#1492;&#1493; &#1502;&#1512;&#1514;&#1511; &#1489;&#1500;&#1492;&#1497;&#1493;&#1514; &#1488;&#1491;&#1501; &#1513;&#1488;&#1497;&#1504;&#1493; &#1504;&#1497;&#1514;&#1503; &#1500;&#1495;&#1497;&#1500;&#1493;&#1500;, &#1513;&#1488;&#1497;&#1504;&#1493; &#1504;&#1497;&#1514;&#1503; &#1500;&#1508;&#1497;&#1514;&#1493;&#1497;, &#1513;&#1488;&#1497;&#1504;&#1493; &#1504;&#1497;&#1514;&#1503; &#1500;&#1496;&#1500;&#1496;&#1493;&#1500;" / &#1502;&#1497;&#1511;&#1492; &#1499;&#1492;&#1503; -- &#1489;&#1497;&#1503; &#1492;&#1508;&#1510;&#1506;&#1492; &#1500;&#1492;&#1514;&#1502;&#1493;&#1505;&#1505;&#1493;&#1514; : &#1502;&#1489;&#1496; &#1506;&#1499;&#1513;&#1493;&#1493;&#1497; &#1506;&#1500; &#1490;&#1491;&#1493;&#1500;&#1492; &#1493;&#1488;&#1497;&#1491;&#1497;&#1488;&#1500;&#1497;&#1501; &#1489;&#1502;&#1513;&#1504;&#1514;&#1493; &#1513;&#1500; &#1511;&#1493;&#1492;&#1493;&#1496; / &#1512;&#1506;&#1504;&#1503; &#1511;&#1493;&#1500;&#1511;&#1492; -- &#1508;&#1514;&#1493;&#1495; &#1505;&#1490;&#1493;&#1512; &#1508;&#1514;&#1493;&#1495; : &#1491;&#1497;&#1493;&#1503; &#1489;&#1502;&#1488;&#1502;&#1512; &#1513;&#1500; &#1512;&#1506;&#1504;&#1503; &#1511;&#1493;&#1500;&#1511;&#1492; '&#1489;&#1497;&#1503; &#1492;&#1508;&#1510;&#1506;&#1492; &#1500;&#1492;&#1514;&#1502;&#1493;&#1505;&#1505;&#1493;&#1514;' : &#1502;&#1489;&#1496; &#1506;&#1499;&#1513;&#1493;&#1493;&#1497; &#1506;&#1500; &#1490;&#1491;&#1493;&#1500;&#1492; &#1493;&#1488;&#1497;&#1491;&#1497;&#1488;&#1500;&#1497;&#1501; &#1489;&#1502;&#1513;&#1504;&#1514;&#1493; &#1513;&#1500; &#1511;&#1493;&#1492;&#1493;&#1496; / &#1513;&#1500;&#1493;&#1502;&#1497;&#1514; &#1492;&#1489;&#1512;-&#1502;&#1493;&#1513;&#1497;&#1493;&#1489; -- &#1488;&#1514;&#1497;&#1511;&#1492;, &#1488;&#1502;&#1508;&#1514;&#1497;&#1492; &#1493;&#1492;&#1514;&#1504;&#1493;&#1506;&#1492; &#1488;&#1500; &#1506;&#1489;&#1512; &#1492;&#1488;&#1495;&#1512; / &#1488;&#1497;&#1512;&#1497;&#1505; &#1490;&#1489;&#1512;&#1497;&#1488;&#1500;&#1497;-&#1512;&#1495;&#1489;&#1497; -- &#1508;&#1505;&#1497;&#1499;&#1493;&#1514;&#1512;&#1508;&#1497;&#1492; &#1493;&#1513;&#1500;&#1497;&#1495;&#1493;&#1514;&#1492; &#1492;&#1488;&#1514;&#1497;&#1514; : &#1505;&#1493;&#1489;&#1497;&#1497;&#1511;&#1496;&#1497;&#1489;&#1497;&#1493;&#1514;, &#1488;&#1502;&#1508;&#1514;&#1497;&#1492; &#1493;&#1488;&#1502;&#1493;&#1504;&#1492; / &#1491;&#1493;&#1491; &#1511;&#1497;&#1496;&#1512;&#1493;&#1503; -- &#1511;&#1513;&#1489; &#1508;&#1493;&#1488;&#1496;&#1497; &#1493;&#1511;&#1513;&#1489; &#1514;&#1512;&#1508;&#1493;&#1497;&#1496;&#1497; : &#1500;&#1513;&#1493;&#1503; &#1492;&#1504;&#1508;&#1513; &#1489;&#1513;&#1497;&#1512;&#1492; &#1493;&#1489;&#1508;&#1505;&#1497;&#1499;&#1493;&#1488;&#1504;&#1500;&#1497;&#1494;&#1492; / &#1506;&#1491;&#1497;&#1504;&#1492; &#1492;&#1500;&#1493;&#1497; -- &#1488;&#1497;&#1498; &#1512;&#1493;&#1488;&#1492; &#1490;'&#1511;&#1493;&#1502;&#1496;&#1497;? &#1492;&#1514;&#1492;&#1493;&#1493;&#1514; &#1494;&#1493;&#1500;&#1514;&#1506;&#1510;&#1502;&#1497; &#1489;&#1497;&#1510;&#1497;&#1512;&#1514;&#1493; &#1513;&#1500; &#1488;&#1500;&#1489;&#1512;&#1496;&#1493; &#1490;'&#1511;&#1493;&#1502;&#1496;&#1497; / &#1504;&#1502;&#1512;&#1493;&#1491; &#1490;&#1493;&#1500;&#1503; -- &#1500;&#1512;&#1488;&#1493;&#1514; &#1488;&#1514; &#1492;&#1502;&#1500;&#1498; &#1489;&#1502;&#1511;&#1493;&#1501; &#1500;&#1512;&#1488;&#1493;&#1514; &#1500;&#1502;&#1500;&#1498; : &#1492;&#1502;&#1495;&#1513;&#1492; &#1513;&#1500; &#1504;&#1511;&#1493;&#1491;&#1514; &#1492;&#1502;&#1489;&#1496; &#1492;&#1488;&#1502;&#1508;&#1514;&#1497;&#1514; &#1491;&#1512;&#1498; &#1513;&#1514;&#1497; &#1497;&#1510;&#1497;&#1512;&#1493;&#1514; &#1488;&#1502;&#1504;&#1493;&#1514; : '&#1489;&#1490;&#1491;&#1497; &#1492;&#1502;&#1500;&#1498; &#1492;&#1495;&#1491;&#1513;&#1497;&#1501;' &#1493;'&#1491;&#1493;&#1491;' &#1513;&#1500; &#1502;&#1497;&#1499;&#1500;&#1488;&#1504;&#1490;'&#1500;&#1493; / &#1488;&#1512;&#1494; &#1489;&#1504;&#1488;&#1497; -- &#8236; &#8235; "&#1502;&#1492;&#1512;&#1490;&#1506; &#1513;&#1504;&#1514;&#1514; &#1500;&#1493; &#1488;&#1514; &#1513;&#1502;&#1493; &#1492;&#1493;&#1488; &#1511;&#1497;&#1497;&#1501; &#1502;&#1488;&#1494; &#1493;&#1502;&#1506;&#1493;&#1500;&#1501;" : &#1492;&#1505;&#1497;&#1508;&#1493;&#1512; &#1513;&#1500; '&#1492;&#1505;&#1497;&#1508;&#1493;&#1512; &#1513;&#1488;&#1497;&#1504;&#1493; &#1504;&#1490;&#1502;&#1512;' &#1493;&#1508;&#1505;&#1497;&#1499;&#1493;&#1500;&#1493;&#1490;&#1497;&#1497;&#1514; &#1492;&#1506;&#1510;&#1502;&#1497; / &#1513;&#1512;&#1497; &#1488;&#1497;&#1500;&#1503; -- &#1492;&#1512;&#1492;&#1493;&#1512;&#1497;&#1501; &#1506;&#1500; &#1504;&#1493;&#1499;&#1495;&#1493;&#1514; &#1504;&#1513;&#1497;&#1514; &#1496;&#1512;&#1504;&#1505;&#1510;&#1504;&#1491;&#1504;&#1496;&#1497;&#1514; &#1489;&#1502;&#1510;&#1489; &#1492;&#1496;&#1497;&#1508;&#1493;&#1500;&#1497; : &#1492;&#1514;&#1489;&#1493;&#1504;&#1504;&#1493;&#1514; &#1488;&#1504;&#1500;&#1497;&#1496;&#1497;&#1514; &#1506;&#1500; &#1504;&#1513;&#1497;&#1501; &#1489;&#1505;&#1512;&#1496;&#1497;&#1493; &#1513;&#1500; &#1500;&#1488;&#1493;&#1505; &#1508;&#1493;&#1503; &#1496;&#1512;&#1497;&#1497;&#1512; '&#1500;&#1513;&#1489;&#1493;&#1512; &#1488;&#1514; &#1492;&#1490;&#1500;&#1497;&#1501;' &#1493;'&#1512;&#1493;&#1511;&#1491;&#1514; &#1489;&#1495;&#1513;&#1499;&#1492;' &#1493;&#1489;&#1505;&#1508;&#1512;&#1493; &#1513;&#1500; &#1505;&#1488;&#1512;&#1488;&#1502;&#1488;&#1490;&#1493; '&#1506;&#1500; &#1492;&#1506;&#1497;&#1493;&#1493;&#1512;&#1493;&#1503;' / &#1502;&#1497;&#1511;&#1497; &#1508;&#1496;&#1512;&#1503; -- &#1502;&#1495;&#1513;&#1489;&#1493;&#1514; &#1506;&#1500; &#1505;&#1499;&#1504;&#1492; &#1508;&#1493;&#1496;&#1504;&#1510;&#1497;&#1488;&#1500;&#1497;&#1514; &#1489;&#1495;&#1512;&#1497;&#1490;&#1492; &#1502;&#1504;&#1512;&#1511;&#1497;&#1505;&#1497;&#1494;&#1501; &#1514;&#1511;&#1497;&#1503; / &#1488;&#1497;&#1514;&#1503; &#1489;&#1499;&#1512; -- &#1502;&#1497; &#1502;&#1508;&#1495;&#1491; &#1502;&#1508;&#1505;&#1497;&#1499;&#1493;&#1500;&#1493;&#1490;&#1497;&#1497;&#1514; &#1492;&#1506;&#1510;&#1502;&#1497; : &#1502;&#1492; &#1502;&#1508;&#1495;&#1497;&#1491; &#1489;&#1508;&#1505;&#1497;&#1499;&#1493;&#1500;&#1493;&#1490;&#1497;&#1497;&#1514; &#1492;&#1506;&#1510;&#1502;&#1497; / &#1497;&#1495;&#1494;&#1511;&#1488;&#1500; &#1499;&#1492;&#1503;</marc:subfield>
  </marc:datafield>
  <marc:datafield tag="520" xml:lang="he-hebr" ind1=" " ind2=" ">
    <marc:subfield code="a">&#8207;"&#1494;&#1492; &#1497;&#1493;&#1489;&#1500; &#1513;&#1504;&#1497;&#1501; &#1502;&#1494;&#1502;&#1497;&#1504;&#1492; &#1508;&#1505;&#1497;&#1499;&#1493;&#1500;&#1493;&#1490;&#1497;&#1497;&#1514; &#1492;&#1506;&#1510;&#1502;&#1497; &#1488;&#1514; &#1513;&#1491;&#1492; &#1492;&#1508;&#1505;&#1497;&#1499;&#1493;&#1488;&#1504;&#1500;&#1497;&#1494;&#1492; &#1500;&#1492;&#1514;&#1489;&#1493;&#1504;&#1504;&#1493;&#1514; &#1502;&#1488;&#1514;&#1490;&#1512;&#1514;, &#1489;&#1513;&#1493;&#1512;&#1492; &#1488;&#1512;&#1493;&#1499;&#1492; &#1513;&#1500; &#1514;&#1493;&#1489;&#1504;&#1493;&#1514; &#1514;&#1488;&#1493;&#1512;&#1496;&#1497;&#1493;&#1514; &#1493;&#1511;&#1500;&#1497;&#1504;&#1497;&#1493;&#1514; &#1502;&#1492;&#1508;&#1499;&#1504;&#1497;&#1493;&#1514; &#1506;&#1500; &#1496;&#1489;&#1506; &#1492;&#1488;&#1491;&#1501; &#1489;&#1489;&#1512;&#1497;&#1488;&#1493;&#1514; &#1513;&#1502;&#1495;&#1492; &#1493;&#1502;&#1488;&#1493;&#1513;&#1512;&#1514; &#1499;&#1502;&#1493; &#1490;&#1501; &#1489;&#1463;&#1468;&#1496;&#1512;&#1490;&#1497;&#1493;&#1468;&#1514; &#1513;&#1500; &#1505;&#1489;&#1500; &#1488;&#1504;&#1493;&#1513;&#1497;, &#1489;&#1463;&#1468;&#1488;&#1497;&#1504;&#1491;&#1497;&#1489;&#1497;&#1491;&#1493;&#1488;&#1500;&#1497;&#1493;&#1468;&#1514; &#1492;&#1495;&#1491;&#1470;&#1508;&#1506;&#1502;&#1497;&#1514; &#1513;&#1500;&#1493; &#1500;&#1506;&#1510;&#1502;&#1493; &#1493;&#1489;&#1502;&#1506;&#1502;&#1491;&#1493; &#1499;&#1505;&#1493;&#1489;&#1497;&#1497;&#1511;&#1496; &#1511;&#1493;&#1500;&#1511;&#1496;&#1497;&#1489;&#1497; &#1502;&#1513;&#1514;&#1514;&#1507; &#1489;&#1495;&#1489;&#1512;&#1492; &#1493;&#1489;&#1514;&#1512;&#1489;&#1493;&#1514;. &#1488;&#1505;&#1499;&#1493;&#1500;&#1492; &#1488;&#1493;&#1493;&#1504;&#1490;&#1512;&#1491;&#1497;&#1514; &#1494;&#1493; &#1502;&#1510;&#1488;&#1492; &#1500;&#1492; &#1489;&#1491;&#1493;&#1512; &#1492;&#1488;&#1495;&#1512;&#1493;&#1503; &#1489;&#1497;&#1513;&#1512;&#1488;&#1500; &#1489;&#1497;&#1514; &#1497;&#1497;&#1495;&#1493;&#1491;&#1497; &#1506;&#1491; &#1502;&#1488;&#1493;&#1491; &#1513;&#1500; &#1511;&#1492;&#1497;&#1500;&#1514; &#1502;&#1496;&#1508;&#1500;&#1497; &#1504;&#1508;&#1513; &#1514;&#1493;&#1505;&#1505;&#1514; &#1493;&#1497;&#1510;&#1497;&#1512;&#1514;&#1497;&#1514;, &#1493;&#1494;&#1493; &#1492;&#1508;&#1499;&#1492; &#1489;&#1502;&#1492;&#1500;&#1498; &#1492;&#1513;&#1504;&#1497;&#1501; &#1500;&#1488;&#1495;&#1491; &#1492;&#1502;&#1493;&#1511;&#1491;&#1497;&#1501; &#1492;&#1508;&#1493;&#1512;&#1497;&#1497;&#1501; &#1493;&#1492;&#1502;&#1488;&#1514;&#1490;&#1512;&#1497;&#1501; &#1489;&#1497;&#1493;&#1514;&#1512; &#1489;&#1506;&#1493;&#1500;&#1501; &#1492;&#1512;&#1495;&#1489; &#1513;&#1500; &#1508;&#1505;&#1497;&#1499;&#1493;&#1500;&#1493;&#1490;&#1497;&#1497;&#1514; &#1492;&#1506;&#1510;&#1502;&#1497; &#1492;&#1508;&#1505;&#1497;&#1499;&#1493;&#1488;&#1504;&#1500;&#1497;&#1496;&#1497;&#1514;. &#1502;&#1508;&#1506;&#1500; &#1499;&#1514;&#1489;&#1497;&#1501; &#1513;&#1500; &#1492;&#1488;&#1497;&#1490;&#1493;&#1491; &#1492;&#1497;&#1513;&#1512;&#1488;&#1500;&#1497; &#1500;&#1508;&#1505;&#1497;&#1499;&#1493;&#1500;&#1493;&#1490;&#1497;&#1497;&#1514; &#1492;&#1506;&#1510;&#1502;&#1497; &#1493;&#1500;&#1495;&#1511;&#1512; &#1492;&#1505;&#1493;&#1489;&#1497;&#1497;&#1511;&#1496;&#1497;&#1489;&#1497;&#1493;&#1514;, &#1513;&#1492;&#1499;&#1512;&#1498; &#1492;&#1512;&#1488;&#1513;&#1493;&#1503; &#1513;&#1500;&#1493; &#1502;&#1493;&#1490;&#1513; &#1489;&#1513;&#1502;&#1495;&#1492; &#1490;&#1491;&#1493;&#1500;&#1492; &#1499;&#1514;&#1513;&#1493;&#1512;&#1492; &#1500;&#1511;&#1492;&#1497;&#1500;&#1492; &#1492;&#1502;&#1511;&#1510;&#1493;&#1506;&#1497;&#1514; &#1493;&#1500;&#1510;&#1497;&#1489;&#1493;&#1512; &#1512;&#1495;&#1489; &#1513;&#1493;&#1495;&#1512; &#1491;&#1506;&#1514; &#1493;&#1514;&#1512;&#1489;&#1493;&#1514;, &#1492;&#1493;&#1488; &#1489;&#1497;&#1496;&#1493;&#1497; &#1492;&#1497;&#1505;&#1496;&#1493;&#1512;&#1497; &#1508;&#1493;&#1506;&#1501; &#1500;&#1506;&#1510;&#1502;&#1497; &#1513;&#1500; &#1508;&#1505;&#1497;&#1499;&#1493;&#1500;&#1493;&#1490;&#1497;&#1497;&#1514; &#1492;&#1506;&#1510;&#1502;&#1497; &#1492;&#1497;&#1513;&#1512;&#1488;&#1500;&#1497;&#1514;. &#1492;&#1493;&#1488; &#1504;&#1493;&#1514;&#1503; &#1489;&#1497;&#1496;&#1493;&#1497; &#1500;&#1502;&#1497;&#1496;&#1489; &#1513;&#1489;&#1514;&#1512;&#1493;&#1502;&#1514;&#1492; &#1513;&#1500; &#1511;&#1492;&#1497;&#1500;&#1492; &#1494;&#1493; &#1500;&#1488;&#1505;&#1499;&#1493;&#1500;&#1492; &#1492;&#1508;&#1505;&#1497;&#1499;&#1493;&#1488;&#1504;&#1500;&#1497;&#1496;&#1497;&#1514; &#1508;&#1493;&#1512;&#1510;&#1514; &#1492;&#1491;&#1512;&#1498; &#1493;&#1512;&#1489;&#1514; &#1492;&#1492;&#1513;&#1512;&#1488;&#1492;. &#1506;&#1493;&#1513;&#1512; &#1492;&#1502;&#1488;&#1502;&#1512;&#1497;&#1501; &#1492;&#1502;&#1499;&#1493;&#1504;&#1505;&#1497;&#1501; &#1489;&#1499;&#1512;&#1498; &#1506;&#1500; &#1490;&#1493;&#1465;&#1504;&#1497; &#1504;&#1493;&#1513;&#1488;&#1497;&#1492;&#1501;, &#1513;&#1489;&#1492;&#1501; &#1499;&#1497;&#1504;&#1493;&#1503; &#1492;&#1506;&#1510;&#1502;&#1497;, &#1488;&#1497;&#1495;&#1493;&#1497; &#1492;&#1506;&#1510;&#1502;&#1497; &#1492;&#1513;&#1489;&#1493;&#1512;, &#1492;&#1490;&#1493;&#1512;&#1501; &#1492;&#1502;&#1512;&#1508;&#1488; '&#1494;&#1493;&#1500;&#1514;&#1506;&#1510;&#1502;&#1497;' &#1493;&#1514;&#1512;&#1493;&#1502;&#1514; &#1508;&#1505;&#1497;&#1499;&#1493;&#1500;&#1493;&#1490;&#1497;&#1497;&#1514; &#1492;&#1506;&#1510;&#1502;&#1497; &#1500;&#1505;&#1489;&#1497;&#1489;&#1492; &#1493;&#1514;&#1512;&#1489;&#1493;&#1514; &#1488;&#1497;&#1491;&#1488;&#1500;&#1497;&#1493;&#1514;, &#1513;&#1493;&#1496;&#1495; &#1489;&#1508;&#1504;&#1497; &#1492;&#1511;&#1493;&#1512;&#1488; &#1488;&#1514; &#1508;&#1512;&#1497; &#1512;&#1493;&#1495;&#1501; &#1513;&#1500; &#1492;&#1499;&#1493;&#1514;&#1489;&#1493;&#1514; &#1493;&#1492;&#1499;&#1493;&#1514;&#1489;&#1497;&#1501; &#1506;&#1500; &#1513;&#1500;&#1500; &#1491;&#1511;&#1493;&#1497;&#1493;&#1514; &#1492;&#1492;&#1514;&#1497;&#1497;&#1495;&#1505;&#1493;&#1497;&#1493;&#1514; &#1492;&#1488;&#1497;&#1513;&#1497;&#1493;&#1514; &#1513;&#1500;&#1492;&#1501; &#1489;&#1502;&#1508;&#1490;&#1513; &#1492;&#1496;&#1497;&#1508;&#1493;&#1500;&#1497;"--Back cover</marc:subfield>
  </marc:datafield>
  <marc:datafield tag="525" ind1=" " ind2=" ">
    <marc:subfield code="a">index</marc:subfield>
  </marc:datafield>
  <marc:datafield tag="525" ind1=" " ind2=" ">
    <marc:subfield code="a">bibliography</marc:subfield>
  </marc:datafield>
  <marc:datafield tag="650" ind1=" " ind2="0">
    <marc:subfield code="a">Psychology</marc:subfield>
    <marc:subfield code="z">Israel</marc:subfield>
    <marc:subfield code="0">https://id.loc.gov/authorities/names/n79003285</marc:subfield>
  </marc:datafield>
  <marc:datafield tag="650" ind1=" " ind2="4">
    <marc:subfield code="a">Self psychology</marc:subfield>
    <marc:subfield code="0">http://id.loc.gov/authorities/subjects/sh88002287</marc:subfield>
    <marc:subfield code="z">Israel</marc:subfield>
    <marc:subfield code="0">http://id.loc.gov/authorities/names/n79003285</marc:subfield>
  </marc:datafield>
  <marc:datafield tag="650" ind1=" " ind2="0">
    <marc:subfield code="a">Psychoanalysis</marc:subfield>
    <marc:subfield code="0">https://id.loc.gov/authorities/names/n79003285</marc:subfield>
  </marc:datafield>
  <marc:datafield tag="700" ind1="1" ind2=" ">
    <marc:subfield code="a">Kella, Rachel.</marc:subfield>
    <marc:subfield code="e">Editor</marc:subfield>
    <marc:subfield code="4">http://id.loc.gov/vocabulary/relators/edt</marc:subfield>
    <marc:subfield code="0">https://id.loc.gov/authorities/names/no2018048237</marc:subfield>
  </marc:datafield>
  <marc:datafield tag="700" ind1="1" ind2=" ">
    <marc:subfield code="a">Goldberg, Karina.</marc:subfield>
    <marc:subfield code="4">http://id.loc.gov/vocabulary/relators/edt</marc:subfield>
    <marc:subfield code="0">https://id.loc.gov/authorities/names/no2018048352</marc:subfield>
  </marc:datafield>
  <marc:datafield tag="700" ind1="1" ind2=" ">
    <marc:subfield code="a">Gavrieli-Rahabi, Iris.</marc:subfield>
    <marc:subfield code="4">http://id.loc.gov/vocabulary/relators/edt</marc:subfield>
    <marc:subfield code="0">https://id.loc.gov/authorities/names/no2018048411</marc:subfield>
  </marc:datafield>
  <marc:datafield tag="884" ind1=" " ind2=" ">
    <marc:subfield code="a">DLC bibframe2marc v1.1.0-SNAPSHOT</marc:subfield>
    <marc:subfield code="g">20210113160900.0</marc:subfield>
    <marc:subfield code="q">DLC</marc:subfield>
    <marc:subfield code="u">https://github.com/lcnetdev/bibframe2marc</marc:subfield>
  </marc:datafield>
</marc:record>