<marc:record>
  <marc:leader>     cam a22      i 4500</marc:leader>
  <marc:controlfield tag="001">20494020</marc:controlfield>
  <marc:controlfield tag="003">DLC</marc:controlfield>
  <marc:controlfield tag="005">20210112151504.0</marc:controlfield>
  <marc:controlfield tag="008">170712s2016    is            00| | heb |</marc:controlfield>
  <marc:datafield tag="010" ind1=" " ind2=" ">
    <marc:subfield code="a">  2018382052</marc:subfield>
  </marc:datafield>
  <marc:datafield tag="035" ind1=" " ind2=" ">
    <marc:subfield code="a">(IsJeAIW)wb2018423616</marc:subfield>
  </marc:datafield>
  <marc:datafield tag="040" ind1=" " ind2=" ">
    <marc:subfield code="b">eng</marc:subfield>
    <marc:subfield code="d">DLC</marc:subfield>
    <marc:subfield code="d">United States. Library of Congress</marc:subfield>
    <marc:subfield code="d">dlc</marc:subfield>
    <marc:subfield code="e">RDA</marc:subfield>
    <marc:subfield code="e">rda</marc:subfield>
    <marc:subfield code="e">isbd</marc:subfield>
  </marc:datafield>
  <marc:datafield tag="042" ind1=" " ind2=" ">
    <marc:subfield code="a">pcc</marc:subfield>
  </marc:datafield>
  <marc:datafield tag="100" xml:lang="he-hebr" ind1="1" ind2=" ">
    <marc:subfield code="a">&#1508;&#1505;&#1497;&#1503;, &#1488;&#1492;&#1512;&#1503; &#1497;&#1492;&#1493;&#1513;&#1506;.</marc:subfield>
    <marc:subfield code="e">Author</marc:subfield>
    <marc:subfield code="0">https://id.loc.gov/authorities/names/no2007044996</marc:subfield>
    <marc:subfield code="4">http://id.loc.gov/vocabulary/relators/aut</marc:subfield>
  </marc:datafield>
  <marc:datafield tag="240" ind1="1" ind2="0">
    <marc:subfield code="a">Potea&#7717; et yadkha</marc:subfield>
  </marc:datafield>
  <marc:datafield tag="241" xml:lang="he-hebr" ind1="1" ind2="0">
    <marc:subfield code="a">&#1508;&#1493;&#1514;&#1495; &#1488;&#1514; &#1497;&#1491;&#1498;</marc:subfield>
  </marc:datafield>
  <marc:datafield tag="245" xml:lang="he-hebr" ind1="1" ind2="0">
    <marc:subfield code="a">&#1508;&#1493;&#1514;&#1495; &#1488;&#1514; &#1497;&#1491;&#1498;</marc:subfield>
    <marc:subfield code="b">&#1506;&#1524;&#1505; &#1508;&#1512;&#1513;&#1497;&#1493;&#1514; &#1492;&#1514;&#1493;&#1512;&#1492;, &#1499;&#1493;&#1500;&#1500; &#1492;&#1506;&#1512;&#1493;&#1514; &#1493;&#1514;&#1513;&#1493;&#1489;&#1493;&#1514; &#1502;&#1502;&#1512;&#1503; &#1492;&#1490;&#1512;&#1524;&#1495; &#1511;&#1504;&#1497;&#1489;&#1505;&#1511;&#1497;, &#1513;&#1500;&#1497;&#1496;"&#1488;, &#1495;&#1497;&#1491;&#1493;&#1513;&#1497; &#1514;&#1493;&#1512;&#1492; &#1493;&#1489;&#1497;&#1512;&#1493;&#1512;&#1497; &#1492;&#1500;&#1499;&#1492; ... &#1493;&#1504;&#1500;&#1493;&#1493;&#1492; &#1488;&#1500;&#1497;&#1493; &#1513;&#1493;&#1524;&#1514; &#1491;&#1506;&#1514; &#1512;&#1489;&#1493;&#1514;&#1497;&#1504;&#1493; &#1489;&#1491;' &#1495;&#1500;&#1511;&#1497; &#1513;&#1493;&#1524;&#1506;, &#1489;&#1497;&#1488;&#1493;&#1512;&#1497;&#1501; &#1493;&#1506;&#1497;&#1493;&#1504;&#1497;&#1501; &#1489;&#1514;&#1504;&#1524;&#1498; &#1493;&#1489;&#1513;&#1524;&#1505;, &#1495;&#1497;&#1504;&#1493;&#1498;, &#1492;&#1513;&#1511;&#1508;&#1492;, &#1488;&#1490;&#1491;&#1492;, &#1493;&#1492;&#1504;&#1492;&#1490;&#1492; &#1502;&#1502;&#1512;&#1503; &#1492;&#1490;&#1512;&#1524;&#1495; &#1511;&#1504;&#1497;&#1489;&#1505;&#1511;&#1497;, &#1502;&#1512;&#1503; &#1492;&#1490;&#1512;&#1488;&#1497;&#1524;&#1500; &#1513;&#1496;&#1497;&#1504;&#1502;&#1503; &#1493;&#1502;&#1506;&#1493;&#1491; &#1502;&#1512;&#1489;&#1493;&#1514;&#1497;&#1504;&#1493; &#1490;&#1491;&#1493;&#1500;&#1497; &#1497;&#1513;&#1512;&#1488;&#1500;</marc:subfield>
    <marc:subfield code="c">&#1495;&#1489;&#1512;&#1514;&#1497; &#1493;&#1506;&#1512;&#1499;&#1514;&#1497; &#1489;&#1495;&#1505;&#1491;&#1497; &#1492;' &#1506;&#1500;&#1497; &#1492;&#1511;&#1496;&#1503; &#1488;&#1492;&#1512;&#1503; &#1497;&#1492;&#1493;&#1513;&#1506; &#1508;&#1505;&#1497;&#1503;</marc:subfield>
  </marc:datafield>
  <marc:datafield tag="264" ind1=" " ind2="1">
    <marc:subfield code="a">http://id.loc.gov/vocabulary/countries/is</marc:subfield>
    <marc:subfield code="c">2016</marc:subfield>
  </marc:datafield>
  <marc:datafield tag="300" ind1=" " ind2=" ">
    <marc:subfield code="a">volumes</marc:subfield>
    <marc:subfield code="c">25 cm</marc:subfield>
  </marc:datafield>
  <marc:datafield tag="336" ind1=" " ind2=" ">
    <marc:subfield code="a">text</marc:subfield>
    <marc:subfield code="0">http://id.loc.gov/vocabulary/contentTypes/txt</marc:subfield>
  </marc:datafield>
  <marc:datafield tag="337" ind1=" " ind2=" ">
    <marc:subfield code="a">unmediated</marc:subfield>
    <marc:subfield code="0">http://id.loc.gov/vocabulary/mediaTypes/n</marc:subfield>
  </marc:datafield>
  <marc:datafield tag="338" ind1=" " ind2=" ">
    <marc:subfield code="a">volume</marc:subfield>
    <marc:subfield code="0">http://id.loc.gov/vocabulary/carriers/nc</marc:subfield>
  </marc:datafield>
  <marc:datafield tag="520" xml:lang="he-hebr" ind1=" " ind2=" ">
    <marc:subfield code="a">&#1495;&#1500;&#1511; [&#1488;], &#1506;' &#1495;-&#1497;&#1491;: &#1497;&#1491; &#1493;&#1513;&#1501; &#1500;&#1502;&#1493;"&#1512; &#1492;&#1490;&#1512;"&#1488; &#1490;&#1512;&#1497;&#1504;&#1489;&#1500;&#1488;&#1496; &#1489;&#1506;&#1500; &#1492;"&#1512;&#1489;&#1489;&#1493;&#1514; &#1488;&#1508;&#1512;&#1497;&#1501;"</marc:subfield>
  </marc:datafield>
  <marc:datafield tag="650" ind1=" " ind2="4">
    <marc:subfield code="a">Jewish sermons, Hebrew--Israel</marc:subfield>
    <marc:subfield code="0">http://id.loc.gov/authorities/subjects/sh2008122322</marc:subfield>
  </marc:datafield>
  <marc:datafield tag="650" ind1=" " ind2="4">
    <marc:subfield code="a">Bible. Pentateuch</marc:subfield>
    <marc:subfield code="0">http://id.loc.gov/authorities/names/n79066420</marc:subfield>
    <marc:subfield code="v">Sermons</marc:subfield>
    <marc:subfield code="0">http://id.loc.gov/authorities/subjects/sh2002012024</marc:subfield>
  </marc:datafield>
  <marc:datafield tag="650" ind1=" " ind2="4">
    <marc:subfield code="a">Responsa--1948-</marc:subfield>
    <marc:subfield code="0">http://id.loc.gov/authorities/subjects/sh97004482</marc:subfield>
  </marc:datafield>
  <marc:datafield tag="700" ind1="1" ind2=" ">
    <marc:subfield code="a">A. Y. L. ben Noa&#7717; Tsevi.</marc:subfield>
    <marc:subfield code="e">Contributor</marc:subfield>
    <marc:subfield code="4">http://id.loc.gov/vocabulary/relators/ctb</marc:subfield>
    <marc:subfield code="0">https://id.loc.gov/authorities/names/nr89000762</marc:subfield>
  </marc:datafield>
  <marc:datafield tag="700" ind1="1" ind2=" ">
    <marc:subfield code="a">&#7730;anevs&#7731;i, Sh. Y. &#7716;. ben Y. Y. (Shemaryahu Yosef &#7716;ayim ben Y. Y.)</marc:subfield>
    <marc:subfield code="4">http://id.loc.gov/vocabulary/relators/ctb</marc:subfield>
    <marc:subfield code="0">https://id.loc.gov/authorities/names/n84023788</marc:subfield>
  </marc:datafield>
  <marc:datafield tag="752" ind1=" " ind2=" ">
    <marc:subfield code="a">Israel</marc:subfield>
    <marc:subfield code="d">Jerusalem</marc:subfield>
  </marc:datafield>
  <marc:datafield tag="884" ind1=" " ind2=" ">
    <marc:subfield code="a">DLC bibframe2marc v1.1.0-SNAPSHOT</marc:subfield>
    <marc:subfield code="g">20210113160900.0</marc:subfield>
    <marc:subfield code="q">DLC</marc:subfield>
    <marc:subfield code="u">https://github.com/lcnetdev/bibframe2marc</marc:subfield>
  </marc:datafield>
</marc:record>