<marc:record>
  <marc:leader>     cam a22     uu 4500</marc:leader>
  <marc:controlfield tag="001">21847855</marc:controlfield>
  <marc:controlfield tag="003">DLC</marc:controlfield>
  <marc:controlfield tag="005">20210112154856.0</marc:controlfield>
  <marc:controlfield tag="008">201218t20182018mauba         00| | eng |</marc:controlfield>
  <marc:datafield tag="010" ind1=" " ind2=" ">
    <marc:subfield code="a">  2020430961</marc:subfield>
  </marc:datafield>
  <marc:datafield tag="020" ind1=" " ind2=" ">
    <marc:subfield code="a">0134679423</marc:subfield>
    <marc:subfield code="q">Student edition</marc:subfield>
  </marc:datafield>
  <marc:datafield tag="020" ind1=" " ind2=" ">
    <marc:subfield code="a">0134713818</marc:subfield>
    <marc:subfield code="q">A la carte</marc:subfield>
  </marc:datafield>
  <marc:datafield tag="020" ind1=" " ind2=" ">
    <marc:subfield code="a">9780134713816</marc:subfield>
    <marc:subfield code="q">A la carte</marc:subfield>
  </marc:datafield>
  <marc:datafield tag="020" ind1=" " ind2=" ">
    <marc:subfield code="a">9780134679426</marc:subfield>
    <marc:subfield code="q">Student edition</marc:subfield>
  </marc:datafield>
  <marc:datafield tag="035" ind1=" " ind2=" ">
    <marc:subfield code="a">ocn972567975</marc:subfield>
  </marc:datafield>
  <marc:datafield tag="040" ind1=" " ind2=" "/>
  <marc:datafield tag="042" ind1=" " ind2=" ">
    <marc:subfield code="a">lccopycat</marc:subfield>
  </marc:datafield>
  <marc:datafield tag="050" ind1=" " ind2="0">
    <marc:subfield code="a">PE1431</marc:subfield>
  </marc:datafield>
  <marc:datafield tag="100" ind1="1" ind2=" ">
    <marc:subfield code="a">Alfano, Christine L.</marc:subfield>
    <marc:subfield code="e">author.</marc:subfield>
    <marc:subfield code="0">https://id.loc.gov/authorities/names/n2004039738</marc:subfield>
  </marc:datafield>
  <marc:datafield tag="240" ind1="1" ind2="0">
    <marc:subfield code="a">Envision in depth : reading, writing, and researching arguments</marc:subfield>
  </marc:datafield>
  <marc:datafield tag="245" ind1="1" ind2="0">
    <marc:subfield code="a">Envision in depth</marc:subfield>
    <marc:subfield code="b">reading, writing, and researching arguments</marc:subfield>
    <marc:subfield code="c">Christine L. Alfano and Alyssa J. O'Brien</marc:subfield>
  </marc:datafield>
  <marc:datafield tag="250" ind1=" " ind2=" ">
    <marc:subfield code="a">Fourth edition</marc:subfield>
  </marc:datafield>
  <marc:datafield tag="264" ind1=" " ind2="1">
    <marc:subfield code="a">Boston</marc:subfield>
    <marc:subfield code="b">Pearson</marc:subfield>
    <marc:subfield code="c">2018</marc:subfield>
  </marc:datafield>
  <marc:datafield tag="264" ind1=" " ind2="1">
    <marc:subfield code="a">http://id.loc.gov/vocabulary/countries/mau</marc:subfield>
    <marc:subfield code="c">2018</marc:subfield>
  </marc:datafield>
  <marc:datafield tag="264" ind1=" " ind2="4">
    <marc:subfield code="c">2018</marc:subfield>
  </marc:datafield>
  <marc:datafield tag="300" ind1=" " ind2=" ">
    <marc:subfield code="a">xxiii, 564 pages</marc:subfield>
    <marc:subfield code="b">illustrations (chiefly color)</marc:subfield>
    <marc:subfield code="c">19 cm</marc:subfield>
  </marc:datafield>
  <marc:datafield tag="336" ind1=" " ind2=" ">
    <marc:subfield code="a">text</marc:subfield>
    <marc:subfield code="0">http://id.loc.gov/vocabulary/contentTypes/txt</marc:subfield>
  </marc:datafield>
  <marc:datafield tag="337" ind1=" " ind2=" ">
    <marc:subfield code="a">unmediated</marc:subfield>
    <marc:subfield code="0">http://id.loc.gov/vocabulary/mediaTypes/n</marc:subfield>
  </marc:datafield>
  <marc:datafield tag="338" ind1=" " ind2=" ">
    <marc:subfield code="a">volume</marc:subfield>
    <marc:subfield code="0">http://id.loc.gov/vocabulary/carriers/nc</marc:subfield>
  </marc:datafield>
  <marc:datafield tag="340" ind1=" " ind2=" ">
    <marc:subfield code="g">Chiefly color</marc:subfield>
  </marc:datafield>
  <marc:datafield tag="500" ind1=" " ind2=" ">
    <marc:subfield code="a">Map</marc:subfield>
  </marc:datafield>
  <marc:datafield tag="500" ind1=" " ind2=" ">
    <marc:subfield code="a">New! 2016 MLA updates--Cover.</marc:subfield>
  </marc:datafield>
  <marc:datafield tag="500" ind1=" " ind2=" ">
    <marc:subfield code="a">Available with MyWritingLab--Cover.</marc:subfield>
  </marc:datafield>
  <marc:datafield tag="525" ind1=" " ind2=" ">
    <marc:subfield code="a">Includes bibliographical references and index.</marc:subfield>
  </marc:datafield>
  <marc:datafield tag="650" ind1=" " ind2="7">
    <marc:subfield code="0">fst00911581</marc:subfield>
    <marc:subfield code="a">English language</marc:subfield>
    <marc:subfield code="x">Rhetoric</marc:subfield>
    <marc:subfield code="2">fast</marc:subfield>
  </marc:datafield>
  <marc:datafield tag="650" ind1=" " ind2="4">
    <marc:subfield code="0">https://id.loc.gov/authorities/subjects/sh85043678</marc:subfield>
    <marc:subfield code="a">English language</marc:subfield>
    <marc:subfield code="0">https://id.loc.gov/authorities/subjects/sh85043413</marc:subfield>
    <marc:subfield code="x">Rhetoric</marc:subfield>
    <marc:subfield code="0">https://id.loc.gov/authorities/subjects/sh00007543</marc:subfield>
  </marc:datafield>
  <marc:datafield tag="650" ind1=" " ind2="4">
    <marc:subfield code="a">Visual perception.</marc:subfield>
    <marc:subfield code="0">fst01168049</marc:subfield>
  </marc:datafield>
  <marc:datafield tag="650" ind1=" " ind2="4">
    <marc:subfield code="a">Persuasion (Rhetoric)</marc:subfield>
    <marc:subfield code="0">fst01058895</marc:subfield>
  </marc:datafield>
  <marc:datafield tag="650" ind1=" " ind2="4">
    <marc:subfield code="a">Visual communication.</marc:subfield>
    <marc:subfield code="0">fst01167997</marc:subfield>
  </marc:datafield>
  <marc:datafield tag="650" ind1=" " ind2="4">
    <marc:subfield code="a">Report writing.</marc:subfield>
    <marc:subfield code="0">https://id.loc.gov/authorities/subjects/sh85112926</marc:subfield>
  </marc:datafield>
  <marc:datafield tag="650" ind1=" " ind2="4">
    <marc:subfield code="a">Report writing.</marc:subfield>
    <marc:subfield code="0">fst01094836</marc:subfield>
  </marc:datafield>
  <marc:datafield tag="650" ind1=" " ind2="4">
    <marc:subfield code="a">College readers.</marc:subfield>
    <marc:subfield code="0">https://id.loc.gov/authorities/subjects/sh85028335</marc:subfield>
  </marc:datafield>
  <marc:datafield tag="650" ind1=" " ind2="4">
    <marc:subfield code="a">Visual perception.</marc:subfield>
    <marc:subfield code="0">https://id.loc.gov/authorities/subjects/sh85143926</marc:subfield>
  </marc:datafield>
  <marc:datafield tag="650" ind1=" " ind2="4">
    <marc:subfield code="a">College readers.</marc:subfield>
    <marc:subfield code="0">fst00867915</marc:subfield>
  </marc:datafield>
  <marc:datafield tag="650" ind1=" " ind2="4">
    <marc:subfield code="a">Persuasion (Rhetoric)</marc:subfield>
    <marc:subfield code="0">https://id.loc.gov/authorities/subjects/sh85100176</marc:subfield>
  </marc:datafield>
  <marc:datafield tag="650" ind1=" " ind2="4">
    <marc:subfield code="a">Visual communication.</marc:subfield>
    <marc:subfield code="0">https://id.loc.gov/authorities/subjects/sh85143917</marc:subfield>
  </marc:datafield>
  <marc:datafield tag="700" ind1="1" ind2=" ">
    <marc:subfield code="a">O'Brien, Alyssa J.</marc:subfield>
    <marc:subfield code="e">author.</marc:subfield>
    <marc:subfield code="0">https://id.loc.gov/authorities/names/n2004039737</marc:subfield>
  </marc:datafield>
  <marc:datafield tag="884" ind1=" " ind2=" ">
    <marc:subfield code="a">DLC bibframe2marc v1.1.0-SNAPSHOT</marc:subfield>
    <marc:subfield code="g">20210113160900.0</marc:subfield>
    <marc:subfield code="q">DLC</marc:subfield>
    <marc:subfield code="u">https://github.com/lcnetdev/bibframe2marc</marc:subfield>
  </marc:datafield>
</marc:record>