<marc:record>
  <marc:leader>     cam a22     ui 4500</marc:leader>
  <marc:controlfield tag="001">21400763</marc:controlfield>
  <marc:controlfield tag="003">DLC</marc:controlfield>
  <marc:controlfield tag="005">20210112224546.0</marc:controlfield>
  <marc:controlfield tag="008">191219s2019    sp            00| f spa |</marc:controlfield>
  <marc:datafield tag="010" ind1=" " ind2=" ">
    <marc:subfield code="a">  2020380706</marc:subfield>
  </marc:datafield>
  <marc:datafield tag="020" ind1=" " ind2=" ">
    <marc:subfield code="a">9788412055856</marc:subfield>
  </marc:datafield>
  <marc:datafield tag="035" ind1=" " ind2=" ">
    <marc:subfield code="a">pu190681399</marc:subfield>
  </marc:datafield>
  <marc:datafield tag="040" ind1=" " ind2=" ">
    <marc:subfield code="e">isbd</marc:subfield>
  </marc:datafield>
  <marc:datafield tag="042" ind1=" " ind2=" ">
    <marc:subfield code="a">pcc</marc:subfield>
  </marc:datafield>
  <marc:datafield tag="050" ind1=" " ind2="0">
    <marc:subfield code="a"> PQ6657.R26</marc:subfield>
  </marc:datafield>
  <marc:datafield tag="082" ind1="0" ind2="4">
    <marc:subfield code="a">863/.64</marc:subfield>
    <marc:subfield code="q">23</marc:subfield>
  </marc:datafield>
  <marc:datafield tag="100" ind1="1" ind2=" ">
    <marc:subfield code="a">Granado, Juli&#225;n</marc:subfield>
    <marc:subfield code="e">Author</marc:subfield>
    <marc:subfield code="0">http://id.loc.gov/authorities/names/n2002038235</marc:subfield>
    <marc:subfield code="4">http://id.loc.gov/vocabulary/relators/aut</marc:subfield>
  </marc:datafield>
  <marc:datafield tag="245" ind1="1" ind2="0">
    <marc:subfield code="a">El complot Canalejas</marc:subfield>
    <marc:subfield code="c">Juli&#225;n Granado</marc:subfield>
  </marc:datafield>
  <marc:datafield tag="264" ind1=" " ind2="1">
    <marc:subfield code="a">http://id.loc.gov/vocabulary/countries/sp</marc:subfield>
    <marc:subfield code="c">2019</marc:subfield>
  </marc:datafield>
  <marc:datafield tag="300" ind1=" " ind2=" ">
    <marc:subfield code="a">266 pages</marc:subfield>
    <marc:subfield code="c">22 cm.</marc:subfield>
  </marc:datafield>
  <marc:datafield tag="336" ind1=" " ind2=" ">
    <marc:subfield code="a">text</marc:subfield>
    <marc:subfield code="0">http://id.loc.gov/vocabulary/contentTypes/txt</marc:subfield>
  </marc:datafield>
  <marc:datafield tag="337" ind1=" " ind2=" ">
    <marc:subfield code="a">unmediated</marc:subfield>
    <marc:subfield code="0">http://id.loc.gov/vocabulary/mediaTypes/n</marc:subfield>
  </marc:datafield>
  <marc:datafield tag="338" ind1=" " ind2=" ">
    <marc:subfield code="a">volume</marc:subfield>
    <marc:subfield code="0">http://id.loc.gov/vocabulary/carriers/nc</marc:subfield>
  </marc:datafield>
  <marc:datafield tag="490" ind1="0" ind2=" ">
    <marc:subfield code="v">62</marc:subfield>
    <marc:subfield code="a">Viento abierto</marc:subfield>
  </marc:datafield>
  <marc:datafield tag="500" ind1=" " ind2=" ">
    <marc:subfield code="a">Winner of the XXIII Premio de novela Ciudad de Salamanca</marc:subfield>
  </marc:datafield>
  <marc:datafield tag="650" ind1=" " ind2="4">
    <marc:subfield code="a">Canalejas y M&#233;ndez, Jos&#233;, 1854-1912</marc:subfield>
    <marc:subfield code="0">http://id.loc.gov/authorities/names/n88001810</marc:subfield>
    <marc:subfield code="v">Fiction</marc:subfield>
    <marc:subfield code="0">http://id.loc.gov/authorities/subjects/sh99001562</marc:subfield>
  </marc:datafield>
  <marc:datafield tag="600" ind1="1" ind2="7">
    <marc:subfield code="a">Canalejas y M&#233;ndez, Jos&#233;, 1854-1912.</marc:subfield>
    <marc:subfield code="0">(OCoLC)fst00227979</marc:subfield>
    <marc:subfield code="2">fast</marc:subfield>
  </marc:datafield>
  <marc:datafield tag="655" ind1=" " ind2="7">
    <marc:subfield code="a">novels</marc:subfield>
    <marc:subfield code="0">http://id.loc.gov/authorities/genreForms/gf2015026020</marc:subfield>
    <marc:subfield code="2">lcgft</marc:subfield>
  </marc:datafield>
  <marc:datafield tag="884" ind1=" " ind2=" ">
    <marc:subfield code="a">DLC bibframe2marc v1.1.0-SNAPSHOT</marc:subfield>
    <marc:subfield code="g">20210113160900.0</marc:subfield>
    <marc:subfield code="q">DLC</marc:subfield>
    <marc:subfield code="u">https://github.com/lcnetdev/bibframe2marc</marc:subfield>
  </marc:datafield>
</marc:record>