<marc:record>
  <marc:leader>     nam a22     uu 4500</marc:leader>
  <marc:controlfield tag="001">idm140467871447184</marc:controlfield>
  <marc:controlfield tag="003">DLC</marc:controlfield>
  <marc:controlfield tag="005">20210112154602.0</marc:controlfield>
  <marc:controlfield tag="008">210112|||||||||xx            00| | eng |</marc:controlfield>
  <marc:datafield tag="010" ind1=" " ind2=" ">
    <marc:subfield code="a">  2021618531</marc:subfield>
  </marc:datafield>
  <marc:datafield tag="033" ind1="0" ind2=" ">
    <marc:subfield code="a">--------</marc:subfield>
  </marc:datafield>
  <marc:datafield tag="040" ind1=" " ind2=" "/>
  <marc:datafield tag="042" ind1=" " ind2=" ">
    <marc:subfield code="a">pcc</marc:subfield>
  </marc:datafield>
  <marc:datafield tag="100" ind1="1" ind2=" ">
    <marc:subfield code="a">Usher, Chris</marc:subfield>
    <marc:subfield code="e">Interviewer</marc:subfield>
    <marc:subfield code="0">http://id.loc.gov/authorities/names/n93044118</marc:subfield>
    <marc:subfield code="4">http://id.loc.gov/vocabulary/relators/ivr</marc:subfield>
  </marc:datafield>
  <marc:datafield tag="245" ind1="1" ind2="0">
    <marc:subfield code="a">One of us</marc:subfield>
    <marc:subfield code="c">Chris Usher</marc:subfield>
    <marc:subfield code="p">Audio recordings</marc:subfield>
  </marc:datafield>
  <marc:datafield tag="264" ind1=" " ind2="0">
    <marc:subfield code="a">vau</marc:subfield>
    <marc:subfield code="c">2007</marc:subfield>
  </marc:datafield>
  <marc:datafield tag="300" ind1=" " ind2=" ">
    <marc:subfield code="a">3 audio discs</marc:subfield>
    <marc:subfield code="c">4 3/4 in</marc:subfield>
  </marc:datafield>
  <marc:datafield tag="336" ind1=" " ind2=" ">
    <marc:subfield code="a">spoken word</marc:subfield>
    <marc:subfield code="0">http://id.loc.gov/vocabulary/contentTypes/spw</marc:subfield>
  </marc:datafield>
  <marc:datafield tag="337" ind1=" " ind2=" ">
    <marc:subfield code="a">audio</marc:subfield>
    <marc:subfield code="0">http://id.loc.gov/vocabulary/mediaTypes/s</marc:subfield>
  </marc:datafield>
  <marc:datafield tag="338" ind1=" " ind2=" ">
    <marc:subfield code="a">audio disc</marc:subfield>
    <marc:subfield code="0">http://id.loc.gov/vocabulary/carriers/sd</marc:subfield>
  </marc:datafield>
  <marc:datafield tag="340" ind1=" " ind2=" ">
    <marc:subfield code="a">plastic</marc:subfield>
    <marc:subfield code="0">http://id.loc.gov/vocabulary/mmaterial/pla</marc:subfield>
  </marc:datafield>
  <marc:datafield tag="340" ind1=" " ind2=" ">
    <marc:subfield code="a">metal</marc:subfield>
    <marc:subfield code="0">http://id.loc.gov/vocabulary/mmaterial/mtl</marc:subfield>
  </marc:datafield>
  <marc:datafield tag="340" ind1=" " ind2=" ">
    <marc:subfield code="d">burning</marc:subfield>
    <marc:subfield code="0">http://id.loc.gov/vocabulary/mproduction/burn</marc:subfield>
  </marc:datafield>
  <marc:datafield tag="344" ind1=" " ind2=" ">
    <marc:subfield code="g">stereo</marc:subfield>
    <marc:subfield code="0">http://id.loc.gov/vocabulary/mplayback/ste</marc:subfield>
  </marc:datafield>
  <marc:datafield tag="344" ind1=" " ind2=" ">
    <marc:subfield code="b">optical</marc:subfield>
    <marc:subfield code="0">http://id.loc.gov/vocabulary/mrecmedium/opt</marc:subfield>
  </marc:datafield>
  <marc:datafield tag="344" ind1=" " ind2=" ">
    <marc:subfield code="a">digital</marc:subfield>
    <marc:subfield code="0">http://id.loc.gov/vocabulary/mrectype/digital</marc:subfield>
  </marc:datafield>
  <marc:datafield tag="344" ind1=" " ind2=" ">
    <marc:subfield code="c">1.4 m/s</marc:subfield>
  </marc:datafield>
  <marc:datafield tag="347" ind1=" " ind2=" ">
    <marc:subfield code="a">audio file</marc:subfield>
    <marc:subfield code="0">http://id.loc.gov/vocabulary/mfiletype/audio</marc:subfield>
  </marc:datafield>
  <marc:datafield tag="347" ind1=" " ind2=" ">
    <marc:subfield code="b">DVD audio</marc:subfield>
    <marc:subfield code="0">http://id.loc.gov/vocabulary/mencformat/dvda</marc:subfield>
  </marc:datafield>
  <marc:datafield tag="500" ind1=" " ind2=" ">
    <marc:subfield code="a">Recordable DVDs</marc:subfield>
  </marc:datafield>
  <marc:datafield tag="500" ind1=" " ind2=" ">
    <marc:subfield code="a">Production and content information from U.S. Copyright registration</marc:subfield>
  </marc:datafield>
  <marc:datafield tag="500" ind1=" " ind2=" ">
    <marc:subfield code="a">A component of photographer Chris Usher's "Hurricane Katrina" project</marc:subfield>
  </marc:datafield>
  <marc:datafield tag="500" ind1=" " ind2=" ">
    <marc:subfield code="a">Electrical capture, Digital storage</marc:subfield>
  </marc:datafield>
  <marc:datafield tag="505" ind1="0" ind2=" ">
    <marc:subfield code="a">disc 1: Audio recordings, 9/1/2005-8/29/2006 -- disc 2: Audio recordings, 8/30-2006-3/31/2007 -- disc 3: Audio recordings, 4/1/2007-9/5/2007</marc:subfield>
  </marc:datafield>
  <marc:datafield tag="508" ind1=" " ind2=" ">
    <marc:subfield code="a">Chris Usher, interviewer</marc:subfield>
  </marc:datafield>
  <marc:datafield tag="520" ind1=" " ind2=" ">
    <marc:subfield code="a">135 digital audio interviews of Hurricane Katrina victims recorded between 8/29/05 and 9/5/07 (491 files on 3 DVDs)</marc:subfield>
  </marc:datafield>
  <marc:datafield tag="650" ind1=" " ind2="4">
    <marc:subfield code="a">Hurricane Katrina, 2005</marc:subfield>
    <marc:subfield code="0">http://id.loc.gov/authorities/subjects/sh2005006058</marc:subfield>
    <marc:subfield code="v">Personal narratives</marc:subfield>
    <marc:subfield code="0">http://id.loc.gov/authorities/subjects/sh99001714</marc:subfield>
  </marc:datafield>
  <marc:datafield tag="655" ind1=" " ind2="7">
    <marc:subfield code="a">Oral histories</marc:subfield>
    <marc:subfield code="0">http://id.loc.gov/authorities/genreForms/gf2011026431</marc:subfield>
    <marc:subfield code="2">lcgft</marc:subfield>
  </marc:datafield>
  <marc:datafield tag="655" ind1=" " ind2="7">
    <marc:subfield code="a">Live sound recordings</marc:subfield>
    <marc:subfield code="0">http://id.loc.gov/authorities/genreForms/gf2011026368</marc:subfield>
    <marc:subfield code="2">lcgft</marc:subfield>
  </marc:datafield>
  <marc:datafield tag="884" ind1=" " ind2=" ">
    <marc:subfield code="a">DLC bibframe2marc v1.1.0-SNAPSHOT</marc:subfield>
    <marc:subfield code="g">20210113160900.0</marc:subfield>
    <marc:subfield code="q">DLC</marc:subfield>
    <marc:subfield code="u">https://github.com/lcnetdev/bibframe2marc</marc:subfield>
  </marc:datafield>
</marc:record>