<marc:record>
  <marc:leader>     cam a22      u 4500</marc:leader>
  <marc:controlfield tag="001">21562779</marc:controlfield>
  <marc:controlfield tag="003">DLC</marc:controlfield>
  <marc:controlfield tag="005">20210112121120.0</marc:controlfield>
  <marc:controlfield tag="008">200612s2019    ja            00| | jpn |</marc:controlfield>
  <marc:datafield tag="010" ind1=" " ind2=" ">
    <marc:subfield code="a">  2020389944</marc:subfield>
  </marc:datafield>
  <marc:datafield tag="020" ind1=" " ind2=" ">
    <marc:subfield code="a">9784903342443</marc:subfield>
    <marc:subfield code="q">paperback</marc:subfield>
  </marc:datafield>
  <marc:datafield tag="020" ind1=" " ind2=" ">
    <marc:subfield code="a">4903342441</marc:subfield>
    <marc:subfield code="q">paperback</marc:subfield>
  </marc:datafield>
  <marc:datafield tag="040" ind1=" " ind2=" "/>
  <marc:datafield tag="042" ind1=" " ind2=" ">
    <marc:subfield code="a">pcc</marc:subfield>
  </marc:datafield>
  <marc:datafield tag="050" ind1=" " ind2="0">
    <marc:subfield code="a">QA431  </marc:subfield>
  </marc:datafield>
  <marc:datafield tag="100" ind1="1" ind2=" ">
    <marc:subfield code="a">Nishioka, Seiji, 1984-</marc:subfield>
    <marc:subfield code="4">http://id.loc.gov/vocabulary/relators/ctb</marc:subfield>
  </marc:datafield>
  <marc:datafield tag="240" xml:lang="ja-jpan" ind1="1" ind2="0">
    <marc:subfield code="a">&#20195;&#25968;&#30340;&#24046;&#20998;&#26041;&#31243;&#24335; : &#24046;&#20998;&#20307;&#12398;&#24540;&#29992;</marc:subfield>
    <marc:subfield code="f">2019</marc:subfield>
    <marc:subfield code="l">Japanese</marc:subfield>
  </marc:datafield>
  <marc:datafield tag="241" xml:lang="ja-jpan" ind1="1" ind2="0">
    <marc:subfield code="a">&#20195;&#25968;&#30340;&#24046;&#20998;&#26041;&#31243;&#24335; : &#24046;&#20998;&#20307;&#12398;&#24540;&#29992;</marc:subfield>
  </marc:datafield>
  <marc:datafield tag="245" ind1="1" ind2="0">
    <marc:subfield code="a">&#20195;&#25968;&#30340;&#24046;&#20998;&#26041;&#31243;&#24335;</marc:subfield>
    <marc:subfield code="b">sabuntai no &#333;y&#333;</marc:subfield>
    <marc:subfield code="c">Nishioka Seiji cho</marc:subfield>
  </marc:datafield>
  <marc:datafield tag="250" xml:lang="ja-jpan" ind1=" " ind2=" ">
    <marc:subfield code="a">&#31532;1&#29256;</marc:subfield>
  </marc:datafield>
  <marc:datafield tag="264" xml:lang="ja-jpan" ind1=" " ind2="1">
    <marc:subfield code="a">&#26481;&#20140;&#37117;&#21315;&#20195;&#30000;&#21306;</marc:subfield>
    <marc:subfield code="b">&#25968;&#23398;&#26360;&#25151;</marc:subfield>
    <marc:subfield code="c">2019</marc:subfield>
  </marc:datafield>
  <marc:datafield tag="300" ind1=" " ind2=" ">
    <marc:subfield code="a">vii, 201 pages</marc:subfield>
    <marc:subfield code="c">21 cm.</marc:subfield>
  </marc:datafield>
  <marc:datafield tag="336" ind1=" " ind2=" ">
    <marc:subfield code="a">text</marc:subfield>
    <marc:subfield code="0">http://id.loc.gov/vocabulary/contentTypes/txt</marc:subfield>
  </marc:datafield>
  <marc:datafield tag="337" ind1=" " ind2=" ">
    <marc:subfield code="a">unmediated</marc:subfield>
    <marc:subfield code="0">http://id.loc.gov/vocabulary/mediaTypes/n</marc:subfield>
  </marc:datafield>
  <marc:datafield tag="338" ind1=" " ind2=" ">
    <marc:subfield code="a">volume</marc:subfield>
    <marc:subfield code="0">http://id.loc.gov/vocabulary/carriers/nc</marc:subfield>
  </marc:datafield>
  <marc:datafield tag="490" ind1="0" ind2=" ">
    <marc:subfield code="a">&#21839;&#38988;&#12539;&#20104;&#24819;&#12539;&#21407;&#29702;&#12398;&#25968;&#23398; ; 4</marc:subfield>
  </marc:datafield>
  <marc:datafield tag="525" ind1=" " ind2=" ">
    <marc:subfield code="a">Includes bibliographical references (pages 195-197) and indexes.</marc:subfield>
  </marc:datafield>
  <marc:datafield tag="650" ind1=" " ind2="4">
    <marc:subfield code="a">Difference equations</marc:subfield>
    <marc:subfield code="0">http://id.loc.gov/authorities/subjects/sh85037879</marc:subfield>
  </marc:datafield>
  <marc:datafield tag="884" ind1=" " ind2=" ">
    <marc:subfield code="a">DLC bibframe2marc v1.1.0-SNAPSHOT</marc:subfield>
    <marc:subfield code="g">20210113160900.0</marc:subfield>
    <marc:subfield code="q">DLC</marc:subfield>
    <marc:subfield code="u">https://github.com/lcnetdev/bibframe2marc</marc:subfield>
  </marc:datafield>
</marc:record>